date,symbol,fillingDate,acceptedDate,period,revenue,costOfRevenue,grossProfit,grossProfitRatio,researchAndDevelopmentExpenses,generalAndAdministrativeExpenses,sellingAndMarketingExpenses,otherExpenses,operatingExpenses,costAndExpenses,interestExpense,depreciationAndAmortization,ebitda,ebitdaratio,operatingIncome,operatingIncomeRatio,totalOtherIncomeExpensesNet,incomeBeforeTax,incomeBeforeTaxRatio,incomeTaxExpense,netIncome,netIncomeRatio,eps,epsdiluted,weightedAverageShsOut,weightedAverageShsOutDil,link,finalLink
2020-02-29,ACN,2020-03-19,2020-03-19 06:58:06,Q2,11141505000,7782334000,3359171000,0.3015006500468294,0.0,707573000,1162653000,7782334000,1870226000,9652560000,8567000.0,442116000,1931061000,0.173321378036,1488945000,0.133639485868,7792000.0,1509556000,0.135489415478,257474000,1234740000,0.110823447999,1.94,1.91,636594169,649210807,https://www.sec.gov/Archives/edgar/data/1467373/000146737320000158/0001467373-20-000158-index.htm,https://www.sec.gov/Archives/edgar/data/1467373/000146737320000158/acn229202010-q.htm
2019-11-30,ACN,2019-12-19,2019-12-19 06:54:55,Q1,11358958000,7711199000,3647759000,0.32113500199578165,0.0,689373000,1191123000,7711199000,1880496000,9591695000,5474000.0,399458000,2166721000,0.190749979003,1767263000,0.15558319698,11439000,1800647000,0.158522198955,425479000,1356968000,0.119462366178,2.13,2.09,635722309,649389444,https://www.sec.gov/Archives/edgar/data/1467373/000146737319000395/0001467373-19-000395-index.htm,https://www.sec.gov/Archives/edgar/data/1467373/000146737319000395/acn1130201910-q.htm
2019-08-31,ACN,2019-10-29,2019-10-29 06:53:24,FY,11055650000,7621034000,3434616000,0.31066612998783427,799734000,689883000,1173240000,7621034000,1863123000,9484157000,7491000.0,240168000,1811661000,0.163867434298,1571493000,0.142143881183,-30644000,2551104000,0.230751154387,415204000,1130427000,0.10224880491,1.77,1.74,638098125,650204873,https://www.sec.gov/Archives/edgar/data/1467373/000146737319000339/0001467373-19-000339-index.htm,https://www.sec.gov/Archives/edgar/data/1467373/000146737319000339/acn831201910k.htm
2019-05-31,ACN,2019-06-27,2019-06-27 16:18:02,Q3,11099688000,7571390000,3528298000,0.3178736195107466,0.0,626191000,1184164000,7571390000,1810355000,9381745000,5348000.0,221309000,1939252000,0.17471229822,1717943000,0.154773990044,-29690000,713955000,0.0643220782422,435658000,1249516000,0.1125721732,1.96,1.93,638439707,650144931,https://www.sec.gov/Archives/edgar/data/1467373/000146737319000217/0001467373-19-000217-index.htm,https://www.sec.gov/Archives/edgar/data/1467373/000146737319000217/acn531201910-q.htm
2019-02-28,ACN,2019-03-28,2019-03-28 16:27:34,Q2,10454129000,7399780000,3054349000,0.29216676013850607,0.0,647687000,1020036000,7399780000,1667723000,9067503000,5619000.0,219598000,1606224000,0.153644937804,1386626000,0.132639074953,-23834000,1376254000,0.131646931083,235534000,1124449000,0.107560275945,1.76,1.73,638750881,650732700,https://www.sec.gov/Archives/edgar/data/1467373/000146737319000130/0001467373-19-000130-index.htm,https://www.sec.gov/Archives/edgar/data/1467373/000146737319000130/acn228201910-q.htm
2018-11-30,ACN,2018-12-20,2018-12-20 16:24:56,Q1,10605546000,7308121000,3297425000,0.31091515703199063,0.0,598397000,1070016000,7308121000,1668413000,8976534000,4505000.0,211685000,1840697000,0.173559852553,1629012000,0.153600012673,-33654000,1610484000,0.151853002193,319160000,1274720000,0.120193717513,2.0,1.96,638877445,652151450,https://www.sec.gov/Archives/edgar/data/1467373/000146737318000424/0001467373-18-000424-index.htm,https://www.sec.gov/Archives/edgar/data/1467373/000146737318000424/acn1130201810-q.htm
2018-08-31,ACN,2018-10-24,2018-10-24 17:05:52,FY,10642249000,7419118000,3223131000,0.30286182929942723,790779000,680219000,1090241000,7419118000,2262922000,9189578000,5153000.0,235090000,1687761000,0.158590632488,1452671000,0.136500376941,-13659000,1456614000,0.136870881333,408243000,1029524000,0.0967393264337,1.61,1.58,628451742,655296150,https://www.sec.gov/Archives/edgar/data/1467373/000146737318000318/0001467373-18-000318-index.htm,https://www.sec.gov/Archives/edgar/data/1467373/000146737318000318/acn831201810k.htm
2018-05-31,ACN,2018-06-28,2018-06-28 16:19:09,Q3,10838854000,7519726000,3319128000,0.3062249938969563,0.0,592264000,1107138000,523855000,2223257000,9219128000,5839000.0,238389000,1858115000,0.171430946482,1619726000,0.149437016127,-14016000,1612558000,0.1487756916,554417000,1043020000,0.0962297305601,1.63,1.6,624365464,655739568,https://www.sec.gov/Archives/edgar/data/1467373/000146737318000228/0001467373-18-000228-index.htm,https://www.sec.gov/Archives/edgar/data/1467373/000146737318000228/acn2018053110-q.htm
2018-02-28,ACN,2018-03-22,2018-03-22 16:32:16,Q2,10067832000,7219438000,2848394000,0.2829202950545857,0.0,566241000,999389000,482390000,2048020000,8785068000,3840000.0,220664000,1503428000,0.149329865655,1282764000,0.127412137986,-43586000,1244797000,0.123641018245,325257000,863703000,0.085788380259,1.4,1.37,616838561,656381177,https://www.sec.gov/Archives/edgar/data/1467373/000146737318000142/0001467373-18-000142-index.htm,https://www.sec.gov/Archives/edgar/data/1467373/000146737318000142/acn-20180228x10q.htm
2017-11-30,ACN,2017-12-21,2017-12-21 06:41:51,Q1,10054493000,7002233000,3052260000,0.3035717464818962,0.0,564591000,1001789000,531271000,2097651000,8568613000,4707000.0,232633000,1718513000,0.170919906155,1485880000,0.147782687799,1515000.0,1494124000,0.148602619744,305582000,1123660000,0.111757002566,1.82,1.79,615835525,656671417,https://www.sec.gov/Archives/edgar/data/1467373/000146737317000506/0001467373-17-000506-index.htm,https://www.sec.gov/Archives/edgar/data/1467373/000146737317000506/acn-20171130x10q.htm
2017-08-31,ACN,2017-10-26,2017-10-26 16:27:21,FY,9640906000,6754233000,2886673000,0.29941926619759596,704317000,582342000,1007769000,6754233000,2081059000,8344344000,4908000.0,232069000,1528631000,0.158556778792,1296562000,0.134485493376,-15874000,1292001000,0.134012405058,308827000,932453000,0.0967183997023,1.51,1.48,620104250,660463227,https://www.sec.gov/Archives/edgar/data/1467373/000146737317000430/0001467373-17-000430-index.htm,https://www.sec.gov/Archives/edgar/data/1467373/000146737317000430/acn831201710k.htm
2017-05-31,ACN,2017-06-22,2017-06-22 16:22:07,Q3,9356787000,6447156000,2909631000,0.31096475745360025,0.0,548175000,986228000,489751000,2024154000,8491352000,3613000.0,194480000,1059915000,0.113277666789,865435000,0.0924927541901,-4213000.0,874400000,0.0934508822313,169599000,669468000,0.0715489195169,1.09,1.05,621025256,661130306,https://www.sec.gov/Archives/edgar/data/1467373/000146737317000277/0001467373-17-000277-index.htm,https://www.sec.gov/Archives/edgar/data/1467373/000146737317000277/acn-20170531x10q.htm
2017-02-28,ACN,2017-03-23,2017-03-23 16:20:20,Q2,8762182000,6258026000,2504156000,0.2857913702317528,0.0,494014000,871489000,444511000,1810014000,7623529000,3976000.0,187807000,1326460000,0.151384666513,1138653000,0.129950850142,-12546000,1118510000,0.127651993533,231302000,838752000,0.0957241015994,1.34,1.33,621787252,662446680,https://www.sec.gov/Archives/edgar/data/1467373/000146737317000154/0001467373-17-000154-index.htm,https://www.sec.gov/Archives/edgar/data/1467373/000146737317000154/acn-20170228x10q.htm
2016-11-30,ACN,2016-12-21,2016-12-21 16:17:46,Q1,9005603000,6275571000,2730032000,0.30314816231628244,0.0,509246000,888827000,490086000,1888159000,7673644000,3048000.0,187433000,1519392000,0.168716298065,1331959000,0.147903366382,-6087000.0,1331121000,0.147810313202,271372000,1004476000,0.111539005217,1.62,1.58,621569764,663752830,https://www.sec.gov/Archives/edgar/data/1467373/000146737316001180/0001467373-16-001180-index.htm,https://www.sec.gov/Archives/edgar/data/1467373/000146737316001180/acn-20161130x10q.htm
2016-08-31,ACN,2016-10-28,2016-10-28 17:05:52,FY,8965580000,6310040000,2655540000,0.2961927728044365,643407000,519798000,940544000,6310040000,1936684000,7770382000,3952000.0,193415000,1388613000,0.154882673514,1195198000,0.133309612987,-11524000,1458913000,0.162723772472,328132000,1069226000,0.119258988264,1.72,1.68,624797820,667770274,https://www.sec.gov/Archives/edgar/data/1467373/000146737316001080/0001467373-16-001080-index.htm,https://www.sec.gov/Archives/edgar/data/1467373/000146737316001080/acn831201610k.htm
2016-05-31,ACN,2016-06-23,2016-06-23 16:18:49,Q3,8969044000,6279492000,2689552000,0.2998705324670054,0.0,449839000,933770000,534287000,1917896000,7663101000,3711000.0,181010000,1486953000,0.165787234403,1305943000,0.145605596316,-10462000,1293704000,0.144241013869,343421000,897247000,0.100038198051,1.44,1.41,625563431,668525906,https://www.sec.gov/Archives/edgar/data/1467373/000146737316000915/0001467373-16-000915-index.htm,https://www.sec.gov/Archives/edgar/data/1467373/000146737316000915/acn-20160531x10q.htm
2016-02-29,ACN,2016-03-24,2016-03-24 16:18:21,Q2,8397053000,6027237000,2369816000,0.28221996455184933,0.0,451440000,830332000,451488000,1733260000,7309009000,4543000.0,172745000,1260789000,0.150146605005,1088044000,0.129574506675,-24194000,1622592000,0.193233507041,222734000,1326520000,0.157974470329,2.11,2.08,626505960,669758590,https://www.sec.gov/Archives/edgar/data/1467373/000146737316000774/0001467373-16-000774-index.htm,https://www.sec.gov/Archives/edgar/data/1467373/000146737316000774/acn-20160229x10q.htm
2015-11-30,ACN,2015-12-17,2015-12-17 16:15:04,Q1,8465984000,5903465000,2562519000,0.30268412980700177,0.0,465466000,875793000,452821000,1794080000,7244724000,4052000.0,181882000,1403142000,0.165738796577,1221260000,0.144254938351,4029000.0,1228363000,0.145093943008,359682000,818899000,0.0967281535141,1.31,1.28,626463124,671300744,https://www.sec.gov/Archives/edgar/data/1467373/000146737315000591/0001467373-15-000591-index.htm,https://www.sec.gov/Archives/edgar/data/1467373/000146737315000591/acn-20151130x10q.htm
2015-08-31,ACN,2015-10-30,2015-10-30 13:09:18,FY,8364511000,5860106000,2504405000,0.29940841730018647,625541000,486683000,924114000,5860106000,1886803000,7270903000,3832000.0,173763000,1267371000,0.151517644008,1093608000,0.130743805585,-9544000.0,1081461000,0.129291598756,293336000,737628000,0.0881854300867,1.18,1.15,626799586,678757070,https://www.sec.gov/Archives/edgar/data/1467373/000146737315000457/0001467373-15-000457-index.htm,https://www.sec.gov/Archives/edgar/data/1467373/000146737315000457/acn831201510k.htm
2015-05-31,ACN,2015-06-25,2015-06-25 16:06:38,Q3,8275066000,5750161000,2524905000,0.30512203769734286,0.0,452291000,874713000,504684000,1831688000,7141547000,4030000.0,153405000,1286924000,0.155518276229,1133519000,0.136980055507,-10250000,1132091000,0.136807488907,281861000,793697000,0.0959142803211,1.27,1.24,627523298,679719183,https://www.sec.gov/Archives/edgar/data/1467373/000146737315000294/0001467373-15-000294-index.htm,https://www.sec.gov/Archives/edgar/data/1467373/000146737315000294/acn-20150531x10q.htm
2015-02-28,ACN,2015-03-26,2015-03-26 16:16:10,Q2,7931590000,5690951000,2240639000,0.28249556520193303,0.0,420962000,798644000,438261000,1657867000,6910557000,3905000.0,152236000,1173269000,0.147923556311,1021033000,0.128729926786,-11413000,1304736000,0.164498669245,261768000,690726000,0.0870854393634,1.1,1.08,628338365,680752956,https://www.sec.gov/Archives/edgar/data/1467373/000146737315000156/0001467373-15-000156-index.htm,https://www.sec.gov/Archives/edgar/data/1467373/000146737315000156/acn-20150228x10q.htm
2014-11-30,ACN,2014-12-18,2014-12-18 16:03:44,Q1,8343257000,5803967000,2539290000,0.3043523650296281,0.0,444007000,907574000,447542000,1799123000,7155548000,2811000.0,166519000,1354228000,0.162314069913,1187709000,0.142355557308,-10076000,892242000,0.106941689558,299776000,831530000,0.0996649150326,1.32,1.29,628439218,682333149,https://www.sec.gov/Archives/edgar/data/1467373/000146737314000566/0001467373-14-000566-index.htm,https://www.sec.gov/Archives/edgar/data/1467373/000146737314000566/acn-20141130x10q.htm
2014-08-31,ACN,2014-10-24,2014-10-24 16:14:10,FY,8267319000,5798699000,2468620000,0.29859982419935654,639513000,471137000,918118000,5798699000,1879234000,7187954000,5325000.0,164079000,1243444000,0.150404744271,1079365000,0.13055804427,5877000.0,760168000,0.0919485506728,327890000,701016000,0.0847936314058,1.11,1.08,634216250,692389966,https://www.sec.gov/Archives/edgar/data/1467373/000146737314000467/0001467373-14-000467-index.htm,https://www.sec.gov/Archives/edgar/data/1467373/000146737314000467/acn831201410k.htm
2014-05-31,ACN,2014-06-26,2014-06-26 16:09:16,Q3,8240180000,5703823000,2536357000,0.30780359166911403,0.0,458341000,899250000,504542000,1862133000,7061414000,4290000.0,162197000,1340963000,0.162734673272,1178766000,0.143051001313,-6051000.0,881813000,0.107013803097,294125000,817336000,0.0991890953838,1.29,1.26,635231759,693943009,https://www.sec.gov/Archives/edgar/data/1467373/000146737314000303/0001467373-14-000303-index.htm,https://www.sec.gov/Archives/edgar/data/1467373/000146737314000303/acn-20140531x10q.htm
2014-02-28,ACN,2014-03-27,2014-03-27 07:07:06,Q2,7567483000,5337341000,2230142000,0.2947006289938147,0.0,441605000,837255000,436816000,1715676000,6616201000,4348000.0,149140000,1100422000,0.14541453215,951282000,0.125706526199,-4684000.0,722331000,0.0954519488184,227797000,671300000,0.0887084913174,1.06,1.03,636314554,695508819,https://www.sec.gov/Archives/edgar/data/1467373/000146737314000163/0001467373-14-000163-index.htm,https://www.sec.gov/Archives/edgar/data/1467373/000146737314000163/acn-20140228x10q.htm
2013-11-30,ACN,2013-12-19,2013-12-19 16:22:52,Q1,7799696000,5350349000,2449347000,0.3140310853140943,0.0,448053000,928210000,440947000,1817210000,6708597000,3658000.0,145327000,1236426000,0.158522332152,1091099000,0.1398899393,-10702000,811646000,0.104061235207,271931000,751846000,0.0963942697254,1.18,1.15,636695545,697974850,https://www.sec.gov/Archives/edgar/data/1467373/000146737313000578/0001467373-13-000578-index.htm,https://www.sec.gov/Archives/edgar/data/1467373/000146737313000578/acn-20131130x10q.htm
2013-08-31,ACN,2013-10-29,2013-10-29 16:51:03,FY,7524994000,5175394000,2349600000,0.3122394516194963,715094000,472612000,893001000,5175878000,1803940000,6541491000,2257000.0,153707000,1137210000,0.15112437299,983503000,0.130698177301,-23358000,727327000,0.0966548278975,237577000,671000000,0.0891695063146,1.04,1.01,645536995,712763616,https://www.sec.gov/Archives/edgar/data/1467373/000146737313000482/0001467373-13-000482-index.htm,https://www.sec.gov/Archives/edgar/data/1467373/000146737313000482/acn831201310k.htm
2013-05-31,ACN,2013-06-28,2013-06-28 06:51:07,Q3,7707935000,5269916000,2438019000,0.3162998909565273,0.0,458631000,886641000,509795000,1855067000,6565964000,3588000.0,142131000,1284102000,0.166594814305,1141971000,0.148155245212,951000.0,874063000,0.113397816666,272522000,810259000,0.105120113234,1.25,1.21,646617365,714990587,https://www.sec.gov/Archives/edgar/data/1467373/000146737313000331/0001467373-13-000331-index.htm,https://www.sec.gov/Archives/edgar/data/1467373/000146737313000331/acn-20130531x10q.htm
2013-02-28,ACN,2013-03-28,2013-03-28 09:09:54,Q2,7493320000,5262957000,2230363000,0.2976468374498887,0.0,455551000,834047000,435278000,1724876000,6328788000,3641000.0,157266000,1321798000,0.176396844122,1164532000,0.155409351262,10599000,1187098000,0.158420833489,-5749000.0,1101802000,0.147037895085,1.7,1.65,644608780,714977392,https://www.sec.gov/Archives/edgar/data/1467373/000146737313000192/0001467373-13-000192-index.htm,https://www.sec.gov/Archives/edgar/data/1467373/000146737313000192/acn-20130228x10q.htm
2012-11-30,ACN,2012-12-20,2012-12-20 07:05:08,Q1,7668036000,5301843000,2366193000,0.30857875471633156,0.0,448852000,868202000,448075000,1765129000,6619362000,4549000.0,139924000,1188598000,0.15500683617,1048674000,0.136759138846,-6436000.0,766031000,0.0998992440828,280425000,698817000,0.0911337661952,1.09,1.06,639659238,716368102,https://www.sec.gov/Archives/edgar/data/1467373/000146737312000263/0001467373-12-000263-index.htm,https://www.sec.gov/Archives/edgar/data/1467373/000146737312000263/acn-20121130x10q.htm
2012-08-31,ACN,2012-10-30,2012-10-30 08:19:09,FY,7288259000,5039369000,2248890000,0.3085634031392134,559611000,468920000,839187000,5039802000,1760473000,6347909000,3186000.0,178909000,1119259000,0.153570146176,940350000,0.129022582759,-1609000.0,946154000,0.13840971472198293,309999000,578282000,0.079344326265,0.91,0.88,643132601,726416452,https://www.sec.gov/Archives/edgar/data/1467373/000146737312000170/0001467373-12-000170-index.htm,https://www.sec.gov/Archives/edgar/data/1467373/000146737312000170/acn831201210k.htm
2012-05-31,ACN,2012-06-29,2012-06-29 09:19:53,Q3,7640790000,5269885000,2370905000,0.31029579402129887,0.0,455233000,854476000,486100000,1795809000,6580029000,3497000.0,135001000,1195762000,0.156497168487,1060761000,0.138828707503,-2154000.0,1066453000,0.139573656651,303622000,689219000,0.0902025837642,1.07,1.03,645507900,729183064,https://www.sec.gov/Archives/edgar/data/1467373/000146737312000009/0001467373-12-000009-index.htm,https://www.sec.gov/Archives/edgar/data/1467373/000146737312000009/acn-2012531x10q.htm
2012-02-29,ACN,2012-03-23,2012-03-23 16:17:30,Q2,7259828000,5143462000,2116366000,0.29151737479179946,0.0,454314000,772338000,462578000,1689230000,6370529000,4220000.0,147010000,1036309000,0.142745668355,889299000,0.122495877313,4168000.0,898540000,0.123768772483,184350000,643923000,0.0886967294542,0.99,0.97,645390718,729608665,https://www.sec.gov/Archives/edgar/data/1467373/000119312512129729/0001193125-12-129729-index.htm,https://www.sec.gov/Archives/edgar/data/1467373/000119312512129729/d304608d10q.htm
2011-11-30,ACN,2011-12-20,2011-12-20 16:18:41,Q1,7589108000,5337568000,2251540000,0.29668045309145685,0.0,432517000,837477000,514611000,1784605000,6607970000,4158000.0,132625000,1113763000,0.146758090674,981138000,0.129282387337,5590000.0,993027000,0.130848974609,281270000,642086000,0.084606254121,1.0,0.96,644285298,730114347,https://www.sec.gov/Archives/edgar/data/1467373/000119312511347254/0001193125-11-347254-index.htm,https://www.sec.gov/Archives/edgar/data/1467373/000119312511347254/d257833d10q.htm
2011-08-31,ACN,2011-10-21,2011-10-21 16:06:17,FY,7174073000,4958686000,2215387000,0.3088046358045144,503222000,471610000,820841000,4959093000,1778874000,6251544000,3930000.0,141340000,1063869000,0.148293584412,922529000,0.128592084301,5008000.0,935398000,0.130385904911,252533000,611933000,0.0852978496316,0.95,0.91,645631170,742184540,https://www.sec.gov/Archives/edgar/data/1467373/000119312511277309/0001193125-11-277309-index.htm,https://www.sec.gov/Archives/edgar/data/1467373/000119312511277309/d222389d10k.htm
2011-05-31,ACN,2011-06-24,2011-06-24 16:10:45,Q3,7204355000,4894727000,2309628000,0.3205877556006055,0.0,527442000,832374000,484240000,1844056000,6254939000,2827000.0,130773000,1080189000,0.149935559811,949416000,0.131783622545,1421000.0,957849000,0.13295416453,258780000,628013000,0.0871713012476,0.96,0.93,645032214,743609589,https://www.sec.gov/Archives/edgar/data/1467373/000119312511173233/0001193125-11-173233-index.htm,https://www.sec.gov/Archives/edgar/data/1467373/000119312511173233/d10q.htm
2011-02-28,ACN,2011-03-25,2011-03-25 16:24:48,Q2,6496293000,4579069000,1917224000,0.29512585100456523,0.0,435499000,709779000,442672000,1587950000,5724716000,3507000.0,121084000,892661000,0.137410827991,771577000,0.118771890369,-2948000.0,774147000,0.119167500604,208397000,503017000,0.0774313904869,0.78,0.75,641779811,742912682,https://www.sec.gov/Archives/edgar/data/1467373/000119312511078142/0001193125-11-078142-index.htm,https://www.sec.gov/Archives/edgar/data/1467373/000119312511078142/d10q.htm
2010-11-30,ACN,2010-12-20,2010-12-20 16:24:46,Q1,6478193000,4533713000,1944480000,0.30015777547843975,0.0,385726000,731471000,432543000,1549740000,5651258000,4736000.0,120059000,946994000,0.146181813354,826935000,0.12764902188,13087000,844628000,0.130380184721,239072000,534714000,0.082540609704,0.84,0.81,637298491,742961409,https://www.sec.gov/Archives/edgar/data/1467373/000119312510284423/0001193125-10-284423-index.htm,https://www.sec.gov/Archives/edgar/data/1467373/000119312510284423/d10q.htm
2010-08-31,ACN,2010-10-26,2010-10-25 19:06:01,FY,5833073000,3988261000,1844812000,0.3162676002854756,383700000,432793000,698325000,28792000,1543610000,5119439000,3616000.0,124958000,838592000,0.1437650446,713634000,0.122342717124,-8388000.0,716594000,0.122850168342,206331000,445482000,0.0763717512193,0.69,0.66,637170234,766047794,https://www.sec.gov/Archives/edgar/data/1467373/000119312510235847/0001193125-10-235847-index.htm,https://www.sec.gov/Archives/edgar/data/1467373/000119312510235847/d10k.htm
2010-05-31,ACN,2010-06-25,2010-06-25 08:59:50,Q3,17261005000,11855070000,5405935000,0.3131877315370687,0.0,1235513000,1959733000,1131018000,4326264000,15059794000,11061000,349730000,2550941000,0.147786354271,2201211000,0.12752507748,-5887000.0,2197775000,0.127326016069,647579000,1335174000,0.077352042943,2.1,2.0,637199756,768992565,https://www.sec.gov/Archives/edgar/data/1467373/000119312510146681/0001193125-10-146681-index.htm,https://www.sec.gov/Archives/edgar/data/1467373/000119312510146681/d10q.htm
2010-02-28,ACN,2010-03-26,2010-03-26 16:04:45,Q,5176438000,7333599000,-2157161000,-0.4167269075762136,0.0,413335000,623386000,3850129000,4886850000,12220449000,-10140000,118518000,769491000,6.68152703049,650973000,6.07763259032,-13791000,639390000,7.52395593133,177511000,461879000,6.07763259032,-3.36,-3.36,631527053,773696423,https://www.sec.gov/Archives/edgar/data/1467373/000119312510068566/0001193125-10-068566-index.htm,https://www.sec.gov/Archives/edgar/data/1467373/000119312510068566/d10q.htm
2009-11-30,ACN,2009-12-18,2009-12-18 17:16:42,Q1,5382532000,7562311000,-2179779000,-0.4049727897576828,0.0,412121000,621860000,3967298000,5001279000,12563590000,4481000.0,114898000,861306000,0.16001874210873246,746408000,0.1386722828586992,5899000.0,755105000,0.14028806517081552,230307000,524798000,0.09750020993837101,0.7,0.67,631527053,773696423,https://www.sec.gov/Archives/edgar/data/1467373/000119312509256007/0001193125-09-256007-index.htm,https://www.sec.gov/Archives/edgar/data/1467373/000119312509256007/d10q.htm
