date,symbol,fillingDate,acceptedDate,period,revenue,costOfRevenue,grossProfit,grossProfitRatio,researchAndDevelopmentExpenses,generalAndAdministrativeExpenses,sellingAndMarketingExpenses,otherExpenses,operatingExpenses,costAndExpenses,interestExpense,depreciationAndAmortization,ebitda,ebitdaratio,operatingIncome,operatingIncomeRatio,totalOtherIncomeExpensesNet,incomeBeforeTax,incomeBeforeTaxRatio,incomeTaxExpense,netIncome,netIncomeRatio,eps,epsdiluted,weightedAverageShsOut,weightedAverageShsOutDil,link,finalLink
2020-03-31,ALL,2020-05-05,2020-05-05 16:21:21,Q1,10076000000,0.0,10076000000,1.0,0.0,0.0,0.0,1399000000,28000000,28000000,81000000,155000000,704000000,0.0698689956332,549000000,0.054485907106,0.0,661000000,0.06560142913854704,112000000,549000000,0.054485907106,1.62,1.59,317400000,322400000,https://www.sec.gov/Archives/edgar/data/899051/000089905120000029/0000899051-20-000029-index.htm,https://www.sec.gov/Archives/edgar/data/899051/000089905120000029/allcorp-3312010xq.htm
2019-12-31,ALL,2020-02-21,2020-02-21 11:07:49,FY,11472000000,0.0,11472000000,1.0,0.0,0.0,0.0,0.0,30000000,30000000,82000000,171000000,1944000000,0.169456066946,1773000000,0.154550209205,0.0,2231000000,0.194473500697,458000000,1773000000,0.154550209205,5.27,5.18,328200000,333500000,https://www.sec.gov/Archives/edgar/data/899051/000089905120000013/0000899051-20-000013-index.htm,https://www.sec.gov/Archives/edgar/data/899051/000089905120000013/allcorp-12311910xk.htm
2019-09-30,ALL,2019-10-29,2019-10-29 19:21:51,Q3,11069000000,0.0,11069000000,1.0,0.0,0.0,0.0,1414000000,32000000,32000000,80000000,159000000,1090000000,0.0984732134791,931000000,0.0841087722468,0.0,1160000000,0.104797181317,229000000,931000000,0.0841087722468,2.71,2.68,330800000,335700000,https://www.sec.gov/Archives/edgar/data/899051/000089905119000072/0000899051-19-000072-index.htm,https://www.sec.gov/Archives/edgar/data/899051/000089905119000072/allcorp-9301910xq.htm
2019-06-30,ALL,2019-07-30,2019-07-30 16:23:48,Q2,11144000000,0.0,11144000000,1.0,0.0,0.0,0.0,1380000000,32000000,32000000,82000000,160000000,1011000000,0.0907214644652,851000000,0.0763639626705,0.0,1078000000,0.0967336683417,227000000,851000000,0.0763639626705,2.48,2.43,332300000,337200000,https://www.sec.gov/Archives/edgar/data/899051/000089905119000060/0000899051-19-000060-index.htm,https://www.sec.gov/Archives/edgar/data/899051/000089905119000060/allcorp-6301910xq.htm
2019-03-31,ALL,2019-05-01,2019-05-01 16:21:09,Q1,10990000000,0.0,10990000000,1.0,0.0,0.0,0.0,1380000000,32000000,32000000,83000000,157000000,1449000000,0.131847133758,1292000000,0.117561419472,0.0,1620000000,0.14740673339399454,328000000,1292000000,0.117561419472,3.79,3.74,332600000,337500000,https://www.sec.gov/Archives/edgar/data/899051/000089905119000022/0000899051-19-000022-index.htm,https://www.sec.gov/Archives/edgar/data/899051/000089905119000022/allcorp-3311910xq.htm
2018-12-31,ALL,2019-02-15,2019-02-15 13:43:51,FY,9481000000,0.0,9481000000,1.0,0.0,0.0,0.0,1573000000,105000000,105000000,81000000,135000000,-229000000,-0.02415357029849172,-364000000,-0.03839257462293007,0.0,-364000000,-0.03839257462293007,-95000000,-269000000,-0.02837253454276975,-0.86,-0.84,347800000,353200000,https://www.sec.gov/Archives/edgar/data/899051/000089905119000007/0000899051-19-000007-index.htm,https://www.sec.gov/Archives/edgar/data/899051/000089905119000007/allcorp-12311810xk.htm
2018-09-30,ALL,2018-10-31,2018-10-31 16:22:27,Q3,10465000000,0.0,10465000000,1.0,0.0,0.0,0.0,1534000000,1534000000,9427000000,82000000,128000000,998000000,0.0953655040612,870000000,0.0831342570473,0.0,1039000000,0.0992833253703,169000000,870000000,0.0831342570473,2.41,2.37,349700000,355400000,https://www.sec.gov/Archives/edgar/data/899051/000089905118000056/0000899051-18-000056-index.htm,https://www.sec.gov/Archives/edgar/data/899051/000089905118000056/allcorp-9301810xq.htm
2018-06-30,ALL,2018-08-01,2018-08-01 16:20:43,Q2,10099000000,0.0,10099000000,1.0,0.0,0.0,0.0,1407000000,1407000000,9256000000,86000000,126000000,802000000,0.0794138033469,676000000,0.0669373205268,0.0,845000000,0.0836716506585,169000000,676000000,0.0669373205268,1.83,1.8,351600000,357200000,https://www.sec.gov/Archives/edgar/data/899051/000089905118000044/0000899051-18-000044-index.htm,https://www.sec.gov/Archives/edgar/data/899051/000089905118000044/allcorp-6301810xq.htm
2018-03-31,ALL,2018-05-01,2018-05-01 17:03:50,Q1,9770000000,0.0,9770000000,1.0,0.0,0.0,0.0,1355000000,1355000000,8547000000,83000000,122000000,1097000000,0.112282497441,975000000,0.0997952917093,0.0,1224000000,0.12528147389969294,249000000,975000000,0.0997952917093,2.67,2.63,354100000,359900000,https://www.sec.gov/Archives/edgar/data/899051/000089905118000017/0000899051-18-000017-index.htm,https://www.sec.gov/Archives/edgar/data/899051/000089905118000017/allcorp-3311810xq.htm
2017-12-31,ALL,2018-02-26,2018-02-26 17:10:16,FY,9843000000,0.0,9843000000,1.0,0.0,0.0,0.0,1257000000,1257000000,31152000000,84000000,125000000,1374000000,0.139591587931,1249000000,0.12689220766,-4000000.0,1157000000,0.117545463781,-92000000,1249000000,0.12689220766,3.39,3.34,362000000,367800000,https://www.sec.gov/Archives/edgar/data/899051/000089905118000007/0000899051-18-000007-index.htm,https://www.sec.gov/Archives/edgar/data/899051/000089905118000007/allcorp-12311710xk.htm
2017-09-30,ALL,2017-11-01,2017-11-01 16:23:57,Q3,9660000000,0.0,9660000000,1.0,0.0,0.0,0.0,3401000000,3401000000,3401000000,83000000,120000000,786000000,0.0813664596273,666000000,0.0689440993789,0.0,971000000,0.100517598344,305000000,666000000,0.0689440993789,1.76,1.73,363500000,369100000,https://www.sec.gov/Archives/edgar/data/899051/000089905117000055/0000899051-17-000055-index.htm,https://www.sec.gov/Archives/edgar/data/899051/000089905117000055/allcorp-9301710xq.htm
2017-06-30,ALL,2017-08-01,2017-08-01 16:23:33,Q2,9587000000,0.0,9587000000,1.0,0.0,0.0,0.0,2183000000,2183000000,2183000000,83000000,119000000,698000000,0.0728069260457,579000000,0.0603942839261,0.0,851000000,0.0887660373422,272000000,579000000,0.0603942839261,1.52,1.5,364600000,370100000,https://www.sec.gov/Archives/edgar/data/899051/000089905117000044/0000899051-17-000044-index.htm,https://www.sec.gov/Archives/edgar/data/899051/000089905117000044/allcorp-6301710xq.htm
2017-03-31,ALL,2017-05-02,2017-05-02 16:26:05,Q1,9434000000,0.0,9434000000,1.0,0.0,0.0,0.0,1097000000,1097000000,1097000000,85000000,119000000,814000000,0.0862836548654,695000000,0.0736697053212,0.0,1012000000,0.0,317000000,695000000,0.0736697053212,1.82,1.79,365700000,371300000,https://www.sec.gov/Archives/edgar/data/899051/000089905117000012/0000899051-17-000012-index.htm,https://www.sec.gov/Archives/edgar/data/899051/000089905117000012/allcorp-3311710xq.htm
2016-12-31,ALL,2017-02-17,2017-02-17 14:43:26,FY,9278000000,0.0,9278000000,1.0,0.0,0.0,0.0,4106000000,4106000000,4106000000,77000000,97000000,937000000,0.100991593016,840000000,0.0905367536107,0.0,1258000000,0.135589566717,418000000,840000000,0.0905367536107,2.18,2.16,372800000,377300000,https://www.sec.gov/Archives/edgar/data/899051/000089905117000005/0000899051-17-000005-index.htm,https://www.sec.gov/Archives/edgar/data/899051/000089905117000005/allcorp-12311610xk.htm
2016-09-30,ALL,2016-11-02,2016-11-02 16:24:47,Q3,9221000000,0.0,9221000000,1.0,0.0,0.0,0.0,3043000000,3043000000,3043000000,73000000,97000000,617000000,0.0669124823772,520000000,0.0563930159419,0.0,765000000,0.0829628022991,245000000,520000000,0.0563930159419,1.32,1.3,374400000,378900000,https://www.sec.gov/Archives/edgar/data/899051/000089905116000082/0000899051-16-000082-index.htm,https://www.sec.gov/Archives/edgar/data/899051/000089905116000082/allcorp-9301610xq.htm
2016-06-30,ALL,2016-08-03,2016-08-03 16:22:10,Q2,9164000000,0.0,9164000000,1.0,0.0,0.0,0.0,0.0,0.0,0.0,72000000,97000000,368000000,0.0401571366216,271000000,0.0295722391969,0.0,376000000,0.0410301178525,105000000,271000000,0.0295722391969,0.65,0.64,375800000,380500000,https://www.sec.gov/Archives/edgar/data/899051/000089905116000070/0000899051-16-000070-index.htm,https://www.sec.gov/Archives/edgar/data/899051/000089905116000070/allcorp-6301610xq.htm
2016-03-31,ALL,2016-05-04,2016-05-04 16:34:16,Q1,8871000000,0.0,8871000000,1.0,0.0,0.0,0.0,982000000,982000000,982000000,73000000,91000000,337000000,0.0379889527674,246000000,0.0277308082516,0.0,355000000,0.0,109000000,246000000,0.0277308082516,0.57,0.57,378100000,382900000,https://www.sec.gov/Archives/edgar/data/899051/000089905116000048/0000899051-16-000048-index.htm,https://www.sec.gov/Archives/edgar/data/899051/000089905116000048/allcorp-3311610xq.htm
2015-12-31,ALL,2016-02-19,2016-02-19 14:04:26,FY,8691000000,0.0,8691000000,1.0,0.0,0.0,0.0,4081000000,4081000000,4081000000,73000000,96000000,585000000,0.0673110113911,489000000,0.0562651018295,0.0,720000000,0.0828443217121,231000000,489000000,0.0562651018295,1.2,1.18,401100000,406800000,https://www.sec.gov/Archives/edgar/data/899051/000089905116000040/0000899051-16-000040-index.htm,https://www.sec.gov/Archives/edgar/data/899051/000089905116000040/allcorp-12311510xk.htm
2015-09-30,ALL,2015-11-02,2015-11-02 16:26:50,Q3,9028000000,0.0,9028000000,1.0,0.0,0.0,0.0,3143000000,3143000000,3143000000,73000000,96000000,746000000,0.08263181214,650000000,0.0719982277359,0.0,955000000,0.10578201152,305000000,650000000,0.0719982277359,1.55,1.54,406500000,412400000,https://www.sec.gov/Archives/edgar/data/899051/000089905115000032/0000899051-15-000032-index.htm,https://www.sec.gov/Archives/edgar/data/899051/000089905115000032/allcorp-9301510xq.htm
2015-06-30,ALL,2015-08-03,2015-08-03 16:49:17,Q2,8982000000,0.0,8982000000,1.0,0.0,0.0,0.0,2151000000,2151000000,2151000000,73000000,92000000,447000000,0.0497661990648,355000000,0.0395234914273,0.0,526000000,0.0585615675796,171000000,355000000,0.0395234914273,0.81,0.8,411400000,417600000,https://www.sec.gov/Archives/edgar/data/899051/000089905115000025/0000899051-15-000025-index.htm,https://www.sec.gov/Archives/edgar/data/899051/000089905115000025/allcorp-6301510xq.htm
2015-03-31,ALL,2015-05-05,2015-05-05 16:10:34,Q1,8952000000,0.0,8952000000,1.0,0.0,0.0,0.0,1090000000,1090000000,1090000000,73000000,87000000,764000000,0.0853440571939,677000000,0.0756255585344,0.0,1081000000,0.0,404000000,677000000,0.0756255585344,1.56,1.53,415800000,422600000,https://www.sec.gov/Archives/edgar/data/899051/000089905115000011/0000899051-15-000011-index.htm,https://www.sec.gov/Archives/edgar/data/899051/000089905115000011/allcorp-3311510xq.htm
2014-12-31,ALL,2015-02-19,2015-02-19 09:41:19,FY,8759000000,0.0,8759000000,1.0,0.0,0.0,0.0,38000000,38000000,38000000,73000000,89000000,913000000,0.104235643338,824000000,0.0940746660578,67000000,1242000000,0.141797008791,418000000,824000000,0.0940746660578,1.88,1.85,431400000,438200000,https://www.sec.gov/Archives/edgar/data/899051/000104746915000935/0001047469-15-000935-index.htm,https://www.sec.gov/Archives/edgar/data/899051/000104746915000935/a2223004z10-k.htm
2014-09-30,ALL,2014-10-29,2014-10-29 16:12:28,Q3,8936000000,0.0,8936000000,1.0,0.0,0.0,0.0,3185000000,3185000000,3185000000,78000000,88000000,869000000,0.0972470904208,781000000,0.0873992837959,-2000000.0,1190000000,0.133169203223,409000000,781000000,0.0873992837959,1.76,1.73,435000000,441600000,https://www.sec.gov/Archives/edgar/data/899051/000110465914074832/0001104659-14-074832-index.htm,https://www.sec.gov/Archives/edgar/data/899051/000110465914074832/a14-19924_110q.htm
2014-06-30,ALL,2014-07-30,2014-07-30 16:17:02,Q2,8860000000,0.0,8860000000,1.0,0.0,0.0,0.0,2117000000,2117000000,2117000000,84000000,91000000,736000000,0.0830699774266,645000000,0.0727990970655,-2000000.0,955000000,0.107787810384,310000000,645000000,0.0727990970655,1.42,1.39,440400000,446800000,https://www.sec.gov/Archives/edgar/data/899051/000110465914054946/0001104659-14-054946-index.htm,https://www.sec.gov/Archives/edgar/data/899051/000110465914054946/a14-14618_110q.htm
2014-03-31,ALL,2014-05-06,2014-05-06 16:18:17,Q1,8684000000,0.0,8684000000,1.0,0.0,0.0,0.0,1094000000,1094000000,1094000000,87000000,98000000,698000000,0.0803777061262,600000000,0.0690925840626,-1000000.0,849000000,0.0,249000000,600000000,0.0690925840626,1.31,1.3,446400000,452800000,https://www.sec.gov/Archives/edgar/data/899051/000110465914035224/0001104659-14-035224-index.htm,https://www.sec.gov/Archives/edgar/data/899051/000110465914035224/a14-8819_110q.htm
2013-12-31,ALL,2014-02-20,2014-02-20 12:59:44,FY,8792000000,0.0,8792000000,1.0,0.0,0.0,0.0,4387000000,4387000000,4387000000,87000000,122000000,943000000,0.107256596906,821000000,0.0933803457689,-8000000.0,1243000000,0.141378525933,422000000,821000000,0.0933803457689,1.77,1.74,464400000,470300000,https://www.sec.gov/Archives/edgar/data/899051/000104746914001083/0001047469-14-001083-index.htm,https://www.sec.gov/Archives/edgar/data/899051/000104746914001083/a2218256z10-k.htm
2013-09-30,ALL,2013-10-30,2013-10-30 16:15:37,Q3,8465000000,0.0,8465000000,1.0,0.0,0.0,0.0,3129000000,3129000000,3129000000,83000000,66000000,382000000,0.0451269935027,316000000,0.0373301831069,-7000000.0,509000000,0.0601299468399,193000000,316000000,0.0373301831069,0.68,0.68,468200000,473800000,https://www.sec.gov/Archives/edgar/data/899051/000110465913079237/0001104659-13-079237-index.htm,https://www.sec.gov/Archives/edgar/data/899051/000110465913079237/a13-19505_110q.htm
2013-06-30,ALL,2013-07-31,2013-07-31 16:15:59,Q2,8787000000,0.0,8787000000,1.0,0.0,0.0,0.0,2192000000,2192000000,2192000000,99000000,93000000,527000000,0.0599749630135,434000000,0.0493911460112,-15000000,614000000,0.0698759531126,180000000,434000000,0.0493911460112,0.93,0.92,471900000,477300000,https://www.sec.gov/Archives/edgar/data/899051/000110465913058369/0001104659-13-058369-index.htm,https://www.sec.gov/Archives/edgar/data/899051/000110465913058369/a13-13460_110q.htm
2013-03-31,ALL,2013-05-01,2013-05-01 16:13:34,Q1,8463000000,0.0,8463000000,1.0,0.0,0.0,0.0,1102000000,1102000000,1102000000,98000000,87000000,796000000,0.0940564811533,709000000,0.0837764386151,-10000000,1030000000,0.0,321000000,709000000,0.0837764386151,1.49,1.47,475400000,480800000,https://www.sec.gov/Archives/edgar/data/899051/000110465913035969/0001104659-13-035969-index.htm,https://www.sec.gov/Archives/edgar/data/899051/000110465913035969/a13-8111_110q.htm
2012-12-31,ALL,2013-02-20,2013-02-20 09:42:11,FY,8547000000,0.0,8547000000,1.0,0.0,0.0,0.0,-3023000000,-7141000000,-33050000000,92000000,95000000,489000000,0.0572130572131,394000000,0.046098046098,-10000000,544000000,0.0636480636481,150000000,394000000,0.046098046098,0.82,0.82,489400000,493000000,https://www.sec.gov/Archives/edgar/data/899051/000104746913001288/0001047469-13-001288-index.htm,https://www.sec.gov/Archives/edgar/data/899051/000104746913001288/a2212802z10-k.htm
2012-09-30,ALL,2012-10-31,2012-10-31 16:10:56,Q3,8128000000,0.0,8128000000,1.0,0.0,0.0,0.0,3023000000,3023000000,3023000000,93000000,92000000,815000000,0.100270669291,723000000,0.0889517716535,16000000,1048000000,0.128937007874,325000000,723000000,0.0889517716535,1.49,1.47,491500000,494700000,https://www.sec.gov/Archives/edgar/data/899051/000110465912072705/0001104659-12-072705-index.htm,https://www.sec.gov/Archives/edgar/data/899051/000110465912072705/a12-19927_110q.htm
2012-06-30,ALL,2012-07-31,2012-07-31 16:16:44,Q2,8278000000,0.0,8278000000,1.0,0.0,0.0,0.0,0.0,0.0,0.0,93000000,105000000,528000000,0.06378352259,423000000,0.0510992993477,23000000,602000000,0.0727228799227,179000000,423000000,0.0510992993477,0.86,0.86,494900000,497900000,https://www.sec.gov/Archives/edgar/data/899051/000110465912052735/0001104659-12-052735-index.htm,https://www.sec.gov/Archives/edgar/data/899051/000110465912052735/a12-13747_110q.htm
2012-03-31,ALL,2012-05-02,2012-05-02 16:12:43,Q1,8362000000,0.0,8362000000,1.0,0.0,0.0,0.0,1017000000,1017000000,1017000000,95000000,96000000,862000000,0.103085386271,766000000,0.0916048792155,4000000.0,1112000000,0.0,346000000,766000000,0.0916048792155,1.54,1.53,498700000,501500000,https://www.sec.gov/Archives/edgar/data/899051/000110465912032030/0001104659-12-032030-index.htm,https://www.sec.gov/Archives/edgar/data/899051/000110465912032030/a12-8030_110q.htm
2011-12-31,ALL,2012-02-22,2012-02-22 09:12:00,FY,8236000000,0.0,8236000000,1.0,0.0,0.0,0.0,-2465000000,-5933000000,-34144000000,92000000,103000000,891000000,0.108183584264,788000000,0.095677513356,4000000.0,1052000000,0.127731908694,328000000,724000000,0.0879067508499,1.39,1.39,520700000,523100000,https://www.sec.gov/Archives/edgar/data/899051/000104746912001250/0001047469-12-001250-index.htm,https://www.sec.gov/Archives/edgar/data/899051/000104746912001250/a2207294z10-k.htm
2011-09-30,ALL,2011-10-31,2011-10-31 16:37:13,Q3,8242000000,0.0,8242000000,1.0,0.0,0.0,0.0,2465000000,2465000000,2465000000,92000000,60000000,60000000,0.0072797864596,-17000000,0.0,-37000000,203000000,0.0246299441883,38000000,165000000,0.0200194127639,0.31,0.31,520400000,522900000,https://www.sec.gov/Archives/edgar/data/899051/000110465911059208/0001104659-11-059208-index.htm,https://www.sec.gov/Archives/edgar/data/899051/000110465911059208/a11-25039_110q.htm
2011-06-30,ALL,2011-08-01,2011-08-01 06:07:35,Q2,8081000000,0.0,8081000000,1.0,0.0,0.0,0.0,1640000000,1640000000,1640000000,91000000,58000000,58000000,0.00717732953842,-17000000,0.0,-31000000,-295000000,-0.127335725777,-194000000,-101000000,-0.0767231778245,-1.17,-1.16,528200000,528200000,https://www.sec.gov/Archives/edgar/data/899051/000110465911041971/0001104659-11-041971-index.htm,https://www.sec.gov/Archives/edgar/data/899051/000110465911041971/a11-13315_110q.htm
2011-03-31,ALL,2011-04-27,2011-04-27 16:16:19,Q1,8095000000,0.0,8095000000,1.0,0.0,0.0,0.0,838000000,838000000,838000000,92000000,31000000,31000000,0.00382952439778,-23000000,0.0,-27000000,734000000,0.0,215000000,519000000,0.0641136504015,0.98,0.97,531000000,533600000,https://www.sec.gov/Archives/edgar/data/899051/000110465911022958/0001104659-11-022958-index.htm,https://www.sec.gov/Archives/edgar/data/899051/000110465911022958/a11-8146_110q.htm
2010-12-31,ALL,2011-02-24,2011-02-24 16:50:58,FY,8087000000,0.0,8087000000,1.0,0.0,0.0,0.0,3281000000,3281000000,3281000000,92000000,39000000,39000000,0.00482255471745,11000000,0.0,-64000000,363000000,0.044886855447,67000000,296000000,0.0366019537529,0.55,0.55,540300000,542500000,https://www.sec.gov/Archives/edgar/data/899051/000104746911001286/0001047469-11-001286-index.htm,https://www.sec.gov/Archives/edgar/data/899051/000104746911001286/a2202090z10-k.htm
2010-09-30,ALL,2010-10-27,2010-10-27 16:24:50,Q3,7908000000,0.0,7908000000,1.0,0.0,0.0,0.0,2446000000,2446000000,2446000000,91000000,29000000,29000000,0.00366717248356,763000000,0.0,-91000000,490000000,0.0619625695498,123000000,367000000,0.0464087000506,0.68,0.67,540600000,542700000,https://www.sec.gov/Archives/edgar/data/899051/000110465910054017/0001104659-10-054017-index.htm,https://www.sec.gov/Archives/edgar/data/899051/000110465910054017/a10-17601_110q.htm
2010-06-30,ALL,2010-08-04,2010-08-04 16:15:21,Q2,7656000000,0.0,7656000000,1.0,0.0,0.0,0.0,1618000000,1618000000,1618000000,92000000,10000000,10000000,0.00130616509927,273000000,0.0,-23000000,166000000,0.0216823406479,21000000,145000000,0.0189393939394,0.27,0.27,540400000,542400000,https://www.sec.gov/Archives/edgar/data/899051/000110465910041885/0001104659-10-041885-index.htm,https://www.sec.gov/Archives/edgar/data/899051/000110465910041885/a10-12963_110q.htm
2010-03-31,ALL,2010-04-28,2010-04-28 16:16:06,Q1,7749000000,0.0,7749000000,1.0,0.0,0.0,0.0,829000000,829000000,829000000,92000000,16000000,16000000,0.00206478255259,107000000,0.0,-5000000.0,107000000,0.0,-13000000,120000000,0.0154858691444,0.22,0.22,540500000,541800000,https://www.sec.gov/Archives/edgar/data/899051/000110465910022539/0001104659-10-022539-index.htm,https://www.sec.gov/Archives/edgar/data/899051/000110465910022539/a10-6189_110q.htm
2009-12-31,ALL,2010-02-25,2010-02-25 16:32:16,FY,0.0,0.0,0.0,0.0,0.0,0.0,0.0,3007000000,3007000000,3007000000,-392000000,-4000000.0,3000000.0,0.0,7000000.0,0.0,457000000,1248000000,0.0,394000000,854000000,0.0,1.58,1.58,539000000,539000000,https://www.sec.gov/Archives/edgar/data/899051/000104746910001355/0001047469-10-001355-index.htm,https://www.sec.gov/Archives/edgar/data/899051/000104746910001355/a2196655z10-k.htm
2009-09-30,ALL,2009-11-04,2009-11-04 16:16:50,Q3,0.0,0.0,0.0,0.0,0.0,0.0,0.0,2247000000,2247000000,2247000000,-291000000,-1000000.0,5000000.0,0.0,6000000.0,0.0,301000000,555000000,0.0,219000000,336000000,0.0,0.62,0.62,539000000,539000000,https://www.sec.gov/Archives/edgar/data/899051/000110465909062522/0001104659-09-062522-index.htm,https://www.sec.gov/Archives/edgar/data/899051/000110465909062522/a09-32133_110q.htm
2009-06-30,ALL,2009-08-05,2009-08-05 16:20:35,Q2,0.0,0.0,0.0,0.0,0.0,0.0,0.0,1503000000,1503000000,1503000000,-185000000,-12000000,-8000000.0,0.0,4000000.0,0.0,154000000,330000000,0.0,215000000,115000000,0.0,0.21,0.21,539000000,539000000,https://www.sec.gov/Archives/edgar/data/899051/000110465909047380/0001104659-09-047380-index.htm,https://www.sec.gov/Archives/edgar/data/899051/000110465909047380/a09-14945_110q.htm
2009-03-31,ALL,2009-05-07,2009-05-07 16:08:34,Q1,7883000000,0.0,7883000000,1.0,0.0,0.0,0.0,801000000,801000000,801000000,-88000000,-74000000,-71000000,-0.009006723328681973,3000000.0,0.000380565774451351,0.0,-131000000,-0.016618038817708992,143000000,-274000000,-0.03475834073322339,-0.51,-0.51,538000000,538000000,https://www.sec.gov/Archives/edgar/data/899051/000110465909030498/0001104659-09-030498-index.htm,https://www.sec.gov/Archives/edgar/data/899051/000110465909030498/a09-11024_110q.htm
2008-12-31,ALL,2009-02-26,2009-02-26 15:31:45,FY,6569000000,0.0,6569000000,1.0,0.0,0.0,0.0,-2334000000,-5607000000,-34747000000,615000000,-109000000,-109000000,-0.016593088750190287,0.0,0.0,0.0,2549000000,0.38803470847922056,1999000000,550000000,0.0837265946110519,0.0,0.0,549000000,549000000,https://www.sec.gov/Archives/edgar/data/899051/000104746909001878/0001047469-09-001878-index.htm,https://www.sec.gov/Archives/edgar/data/899051/000104746909001878/a2189233z10-k.htm
2008-09-30,ALL,2008-11-06,2008-11-05 17:38:41,Q3,7320000000,0.0,7320000000,1.0,0.0,0.0,0.0,814000000,814000000,814000000,-88000000,-126000000,-123000000,-0.01680327868852459,3000000.0,0.0004098360655737705,0.0,-1544000000,-0.21092896174863388,-621000000,-923000000,-0.12609289617486338,-1.0,-1.0,549000000,549000000,https://www.sec.gov/Archives/edgar/data/899051/000110465908068270/0001104659-08-068270-index.htm,https://www.sec.gov/Archives/edgar/data/899051/000110465908068270/a08-25310_110q.htm
2008-06-30,ALL,2008-08-06,2008-08-06 13:34:57,Q2,7418000000,0.0,7418000000,1.0,0.0,0.0,0.0,728000000,728000000,728000000,-88000000,-82000000,-82000000,-0.011054192504718252,0.0,0.0,0.0,-86000000,-0.011593421407387436,-111000000,25000000,0.0033701806416823942,0.67,0.67,554000000,554000000,https://www.sec.gov/Archives/edgar/data/899051/000110465908050254/0001104659-08-050254-index.htm,https://www.sec.gov/Archives/edgar/data/899051/000110465908050254/a08-18605_110q.htm
2008-03-31,ALL,2008-05-08,2008-05-07 19:23:31,Q1,8087000000,0.0,8087000000,1.0,0.0,0.0,0.0,792000000,792000000,792000000,-88000000,-59000000,-68000000,-0.00840855694324224,-9000000.0,-0.0011128972424879436,0.0,427000000,0.05280079139359466,79000000,348000000,0.04303202670953382,0.62,0.62,558000000,558000000,https://www.sec.gov/Archives/edgar/data/899051/000110465908030846/0001104659-08-030846-index.htm,https://www.sec.gov/Archives/edgar/data/899051/000110465908030846/a08-11207_110q.htm
2007-12-31,ALL,2008-02-27,2008-02-27 17:19:32,FY,8991000000,0.0,8991000000,1.0,0.0,0.0,0.0,-2246000000,-5349000000,-32352000000,578000000,-68000000,-86000000,-0.009565120676231787,-18000000,-0.002002002002002002,0.0,-2997000000,-0.3333333333333333,-3757000000,760000000,0.08452897341786231,0.0,0.0,600000000,600000000,https://www.sec.gov/Archives/edgar/data/899051/000104746908001846/0001047469-08-001846-index.htm,https://www.sec.gov/Archives/edgar/data/899051/000104746908001846/a2182971z10-k.htm
2007-09-30,ALL,2007-10-31,2007-10-31 11:37:22,Q3,8992000000,0.0,8992000000,1.0,0.0,0.0,0.0,785000000,785000000,785000000,-90000000,-75000000,-69000000,-0.007673487544483985,6000000.0,0.0006672597864768683,0.0,1386000000,0.1541370106761566,408000000,978000000,0.10876334519572954,6.45,6.45,600000000,600000000,https://www.sec.gov/Archives/edgar/data/899051/000110465907078333/0001104659-07-078333-index.htm,https://www.sec.gov/Archives/edgar/data/899051/000110465907078333/a07-25423_110q.htm
2007-06-30,ALL,2007-08-01,2007-08-01 17:28:03,Q2,9455000000,0.0,9455000000,1.0,0.0,0.0,0.0,734000000,734000000,734000000,-83000000,-66000000,-2250000000,-0.23796932839767318,-2184000000,-0.23098889476467477,0.0,2044000000,0.21618191433104178,641000000,1403000000,0.14838709677419354,4.75,4.75,610000000,610000000,https://www.sec.gov/Archives/edgar/data/899051/000110465907057980/0001104659-07-057980-index.htm,https://www.sec.gov/Archives/edgar/data/899051/000110465907057980/a07-18721_110q.htm
2007-03-31,ALL,2007-05-01,2007-05-01 17:20:38,Q1,9331000000,0.0,9331000000,1.0,0.0,0.0,0.0,727000000,727000000,727000000,-72000000,-48000000,2138000000,0.22912871074911584,2186000000,0.23427285392776764,0.0,2186000000,0.23427285392776764,691000000,1495000000,0.1602186260850927,2.42,2.42,616000000,616000000,https://www.sec.gov/Archives/edgar/data/899051/000110465907034450/0001104659-07-034450-index.htm,https://www.sec.gov/Archives/edgar/data/899051/000110465907034450/a07-10651_110q.htm
2006-12-31,ALL,2007-02-22,2007-02-22 17:15:21,FY,9102000000,0.0,9102000000,1.0,0.0,0.0,0.0,-2252000000,-5285000000,-30777000000,618000000,-32000000,-36000000,-0.003955174686882004,-4000000.0,-0.00043946385409800046,0.0,-453000000,-0.04976928147659855,-3851000000,1213000000,0.13326741375521864,0.0,0.0,635000000,635000000,https://www.sec.gov/Archives/edgar/data/899051/000104746907001347/0001047469-07-001347-index.htm,https://www.sec.gov/Archives/edgar/data/899051/000104746907001347/a2175845z10-k.htm
2006-09-30,ALL,2006-11-01,2006-11-01 14:31:16,Q3,8738000000,0.0,8738000000,1.0,0.0,0.0,0.0,726000000,726000000,726000000,-90000000,-62000000,-63000000,-0.00720988784618906,-1000000.0,-0.00011444266422522316,0.0,1642000000,0.18791485465781643,484000000,1158000000,0.13252460517280842,5.95,5.95,635000000,635000000,https://www.sec.gov/Archives/edgar/data/899051/000110465906070205/0001104659-06-070205-index.htm,https://www.sec.gov/Archives/edgar/data/899051/000110465906070205/a06-21497_110q.htm
2006-06-30,ALL,2006-08-08,2006-08-08 12:21:52,Q2,8875000000,0.0,8875000000,1.0,0.0,0.0,0.0,747000000,747000000,747000000,-90000000,-58000000,-93000000,-0.01047887323943662,-35000000,-0.003943661971830986,0.0,1748000000,0.19695774647887324,541000000,1207000000,0.136,4.11,4.11,638000000,638000000,https://www.sec.gov/Archives/edgar/data/899051/000110465906052356/0001104659-06-052356-index.htm,https://www.sec.gov/Archives/edgar/data/899051/000110465906052356/a06-15140_110q.htm
2006-03-31,ALL,2006-05-03,2006-05-03 16:27:39,Q1,9081000000,0.0,9081000000,1.0,0.0,0.0,0.0,779000000,779000000,779000000,-81000000,-36000000,-89000000,-0.009800682744191169,-53000000,-0.005836361634181258,0.0,2056000000,0.22640678339389936,641000000,1415000000,0.15581984362955623,2.2,2.2,643000000,643000000,https://www.sec.gov/Archives/edgar/data/899051/000110465906030748/0001104659-06-030748-index.htm,https://www.sec.gov/Archives/edgar/data/899051/000110465906030748/a06-9188_110q.htm
2005-12-31,ALL,2006-02-23,2006-02-23 16:14:00,FY,8945000000,0.0,8945000000,1.0,0.0,0.0,0.0,-2266000000,-5263000000,-35548000000,581000000,-30000000,-31000000,-0.003465623253214086,-1000000.0,-0.00011179429849077697,0.0,1148000000,0.12833985466741196,-216000000,1041000000,0.11637786472889883,0.0,0.0,666000000,666000000,https://www.sec.gov/Archives/edgar/data/899051/000104746906002356/0001047469-06-002356-index.htm,https://www.sec.gov/Archives/edgar/data/899051/000104746906002356/a2167600z10-k.htm
2005-09-30,ALL,2005-11-01,2005-11-01 17:18:42,Q3,8942000000,0.0,8942000000,1.0,0.0,0.0,0.0,713000000,713000000,713000000,-85000000,-8000000.0,-12000000,-0.0013419816595839856,-4000000.0,-0.00044732721986132855,0.0,-2562000000,-0.28651308432118094,-1014000000,-1548000000,-0.17311563408633415,1.09,1.09,666000000,666000000,https://www.sec.gov/Archives/edgar/data/899051/000110465905051595/0001104659-05-051595-index.htm,https://www.sec.gov/Archives/edgar/data/899051/000110465905051595/a05-17614_110q.htm
2005-06-30,ALL,2005-08-03,2005-08-03 14:25:12,Q2,8791000000,0.0,8791000000,1.0,0.0,0.0,0.0,753000000,753000000,753000000,-82000000,-10000000,-14000000,-0.001592537822773291,-4000000.0,-0.00045501080650665453,0.0,1641000000,0.18666818336935503,492000000,1149000000,0.1307018541690365,3.38,3.38,672000000,672000000,https://www.sec.gov/Archives/edgar/data/899051/000110465905035990/0001104659-05-035990-index.htm,https://www.sec.gov/Archives/edgar/data/899051/000110465905035990/a05-12547_110q.htm
2005-03-31,ALL,2005-05-03,2005-05-03 10:04:03,Q1,8705000000,0.0,8705000000,1.0,0.0,0.0,0.0,800000000,800000000,800000000,-84000000,-19000000,-23000000,-0.0026421596783457782,-4000000.0,-0.0004595060310166571,0.0,1538000000,0.17668006892590465,415000000,1123000000,0.1290063182079265,1.66,1.66,677000000,677000000,https://www.sec.gov/Archives/edgar/data/899051/000110465905019862/0001104659-05-019862-index.htm,https://www.sec.gov/Archives/edgar/data/899051/000110465905019862/a05-7647_110q.htm
2004-09-30,ALL,2004-11-03,2004-11-03 16:50:06,Q3,-171000000,0.0,171000000,-1.0,0.0,0.0,0.0,56000000,56000000,56000000,0.0,-5000000.0,-9000000.0,0.05263157894736842,-4000000.0,0.023391812865497075,0.0,-2000000.0,0.011695906432748537,2000000.0,-4000000.0,0.023391812865497075,0.0,0.0,0.0,0.0,https://www.sec.gov/Archives/edgar/data/899051/000104746904033013/0001047469-04-033013-index.htm,https://www.sec.gov/Archives/edgar/data/899051/000104746904033013/a2145825z10-q.htm
2004-06-30,ALL,2004-08-03,2004-08-03 17:23:00,Q2,-108000000,0.0,108000000,-1.0,0.0,0.0,0.0,34000000,34000000,34000000,0.0,5000000.0,0.0,0.0,-5000000.0,0.046296296296296294,0.0,-5000000.0,0.046296296296296294,6000000.0,-11000000,0.10185185185185185,0.0,0.0,704000000,704000000,https://www.sec.gov/Archives/edgar/data/899051/000104746904025193/0001047469-04-025193-index.htm,https://www.sec.gov/Archives/edgar/data/899051/000104746904025193/a2138756z10-q.htm
2004-03-31,ALL,2004-05-05,2004-05-05 17:37:59,Q1,8311000000,0.0,8311000000,1.0,0.0,0.0,0.0,733000000,733000000,733000000,-74000000,8000000.0,5000000.0,0.0006016123210203345,-3000000.0,-0.0003609673926122007,0.0,1584000000,0.19059078329924198,460000000,949000000,0.11418601852965948,1.35,1.35,704000000,704000000,https://www.sec.gov/Archives/edgar/data/899051/000104746904016039/0001047469-04-016039-index.htm,https://www.sec.gov/Archives/edgar/data/899051/000104746904016039/a2134126z10-q.htm
2003-06-30,ALL,2003-08-11,2003-08-11 14:00:03,Q2,38000000,0.0,38000000,1.0,0.0,0.0,0.0,-25000000,-25000000,-25000000,0.0,10000000,-142000000,-3.736842105263158,-152000000,-4.0,0.0,-152000000,-4.0,-74000000,-77000000,-2.026315789473684,0.84,0.84,704000000,704000000,https://www.sec.gov/Archives/edgar/data/899051/000104746903026942/0001047469-03-026942-index.htm,https://www.sec.gov/Archives/edgar/data/899051/000104746903026942/a2115843z10-q.htm
2003-03-31,ALL,2003-05-09,2003-05-09 15:39:11,Q1,7861000000,0.0,7861000000,1.0,0.0,0.0,0.0,753000000,753000000,753000000,-67000000,0.0,871000000,0.11080015265233431,871000000,0.11080015265233431,0.0,871000000,0.11080015265233431,203000000,665000000,0.08459483526268922,0.95,0.95,703000000,703000000,https://www.sec.gov/Archives/edgar/data/899051/000104746903017741/0001047469-03-017741-index.htm,https://www.sec.gov/Archives/edgar/data/899051/000104746903017741/a2110380z10-q.htm
2002-12-31,ALL,2003-03-28,2003-03-28 14:27:46,FY,122000000,0.0,122000000,1.0,0.0,0.0,0.0,13000000,13000000,13000000,-315000000,50000000,-156000000,-1.278688524590164,-206000000,-1.6885245901639345,120000000,-206000000,-1.6885245901639345,0.0,1134000000,9.295081967213115,0.0,0.0,705000000,705000000,https://www.sec.gov/Archives/edgar/data/899051/000104746903010828/0001047469-03-010828-index.htm,https://www.sec.gov/Archives/edgar/data/899051/000104746903010828/a2104961z10-k.htm
2002-09-30,ALL,2002-11-14,2002-11-13 21:30:21,Q3,7239000000,0.0,7239000000,1.0,0.0,0.0,0.0,710000000,710000000,710000000,-67000000,-20000000,193000000,0.02666114104158033,213000000,0.029423953584749276,0.0,213000000,0.029423953584749276,-37000000,248000000,0.03425887553529493,0.35,0.35,705000000,705000000,https://www.sec.gov/Archives/edgar/data/899051/000091205702042237/0000912057-02-042237-index.htm,https://www.sec.gov/Archives/edgar/data/899051/000091205702042237/a2092506z10-q.htm
2002-06-30,ALL,2002-08-13,2002-08-12 21:30:18,Q2,157000000,0.0,157000000,1.0,0.0,0.0,0.0,18000000,18000000,18000000,1000000.0,-21000000,-135000000,-0.8598726114649682,-114000000,-0.7261146496815286,0.0,-114000000,-0.7261146496815286,-31000000,-82000000,-0.5222929936305732,0.48,0.48,708000000,708000000,https://www.sec.gov/Archives/edgar/data/899051/000091205702031314/0000912057-02-031314-index.htm,https://www.sec.gov/Archives/edgar/data/899051/000091205702031314/a2085461z10-q.htm
2002-03-31,ALL,2002-05-10,2002-05-10 17:02:24,Q1,7298000000,0.0,7298000000,1.0,0.0,0.0,0.0,640000000,640000000,640000000,-69000000,-9000000.0,508000000,0.0696081118114552,517000000,0.07084132639079199,0.0,517000000,0.07084132639079199,88000000,426000000,0.05837215675527542,0.6,0.6,711000000,711000000,https://www.sec.gov/Archives/edgar/data/899051/000091205702019625/0000912057-02-019625-index.htm,https://www.sec.gov/Archives/edgar/data/899051/000091205702019625/a2078645z10-q.htm
2001-12-31,ALL,2002-03-26,2002-03-26 00:00:00,FY,60000000,0.0,60000000,1.0,0.0,0.0,0.0,11000000,11000000,11000000,-338000000,86000000,1244000000,20.733333333333334,1158000000,19.3,48000000,1158000000,19.3,0.0,1158000000,19.3,0.0,0.0,717000000,717000000,https://www.sec.gov/Archives/edgar/data/899051/000091205702011595/0000912057-02-011595-index.htm,https://www.sec.gov/Archives/edgar/data/899051/000091205702011595/a2073498z10-k.htm
2001-09-30,ALL,2001-11-13,2001-11-13 00:00:00,Q3,7173000000,0.0,7173000000,1.0,0.0,0.0,0.0,641000000,641000000,641000000,-63000000,-29000000,-82000000,-0.011431757981318834,-53000000,-0.007388819183047539,0.0,169000000,0.02356057437613272,-67000000,226000000,0.0315070402899763,0.32,0.32,717000000,717000000,https://www.sec.gov/Archives/edgar/data/899051/000091205701538766/0000912057-01-538766-index.htm,https://www.sec.gov/Archives/edgar/data/899051/000091205701538766/a2062362z10-q.htm
2001-06-30,ALL,2001-08-13,2001-08-13 00:00:00,Q2,72000000,0.0,72000000,1.0,0.0,0.0,0.0,26000000,26000000,26000000,1000000.0,-29000000,-713000000,-9.902777777777779,-684000000,-9.5,0.0,-527000000,-7.319444444444445,-185000000,-332000000,-4.611111111111111,0.23,0.23,724000000,724000000,https://www.sec.gov/Archives/edgar/data/899051/000091205701528164/0000912057-01-528164-index.htm,https://www.sec.gov/Archives/edgar/data/899051/000091205701528164/a2055943z10-q.htm
2001-03-31,ALL,2001-05-15,2001-05-15 00:00:00,Q1,7131000000,0.0,7131000000,1.0,0.0,0.0,0.0,659000000,659000000,659000000,-62000000,-28000000,646000000,0.09059038003085121,674000000,0.09451689805076427,0.0,674000000,0.09451689805076427,155000000,500000000,0.07011639321273314,0.69,0.69,726000000,726000000,https://www.sec.gov/Archives/edgar/data/899051/000091205701515524/0000912057-01-515524-index.htm,https://www.sec.gov/Archives/edgar/data/899051/000091205701515524/a2048088z10-q.htm
2000-12-31,ALL,2001-03-26,2001-03-26 00:00:00,FY,111000000,0.0,111000000,1.0,0.0,0.0,0.0,6000000.0,6000000.0,6000000.0,-312000000,21000000,-186000000,-1.6756756756756757,-207000000,-1.864864864864865,72000000,-207000000,-1.864864864864865,0.0,2211000000,19.91891891891892,0.0,0.0,735000000,735000000,https://www.sec.gov/Archives/edgar/data/899051/000091205701008238/0000912057-01-008238-index.htm,https://www.sec.gov/Archives/edgar/data/899051/000091205701008238/a2042391z10-k405.htm
2000-09-30,ALL,2000-11-13,2000-11-13 00:00:00,,262000000,0.0,262000000,1.0,0.0,0.0,0.0,-18000000,-18000000,-18000000,-3000000.0,-8000000.0,263000000,1.0038167938931297,271000000,1.034351145038168,0.0,271000000,1.034351145038168,87000000,185000000,0.7061068702290076,0.87,0.87,735000000,735000000,https://www.sec.gov/Archives/edgar/data/899051/000091205700048494/0000912057-00-048494-index.htm,https://www.sec.gov/Archives/edgar/data/899051/000091205700048494/a2029551z10-q.htm
