date,symbol,fillingDate,acceptedDate,period,revenue,costOfRevenue,grossProfit,grossProfitRatio,researchAndDevelopmentExpenses,generalAndAdministrativeExpenses,sellingAndMarketingExpenses,otherExpenses,operatingExpenses,costAndExpenses,interestExpense,depreciationAndAmortization,ebitda,ebitdaratio,operatingIncome,operatingIncomeRatio,totalOtherIncomeExpensesNet,incomeBeforeTax,incomeBeforeTaxRatio,incomeTaxExpense,netIncome,netIncomeRatio,eps,epsdiluted,weightedAverageShsOut,weightedAverageShsOutDil,link,finalLink
2020-03-31,AXP,2020-04-24,2020-04-24 15:51:23,Q1,10310000000,0.0,10310000000,1.0,0.0,1395000000,1705000000,0.0,1395000000,1395000000,716000000,337000000,789000000,0.076527643065,452000000,0.0438409311348,0.0,452000000,0.0438409311348,85000000,367000000,0.0355965082444,0.41,0.41,807000000,808000000,https://www.sec.gov/Archives/edgar/data/4962/000000496220000054/0000004962-20-000054-index.htm,https://www.sec.gov/Archives/edgar/data/4962/000000496220000054/axp-20200331.htm
2019-12-31,AXP,2020-02-13,2020-02-13 16:04:42,FY,11365000000,0.0,11365000000,1.0,0.0,1623000000,7114000000,0.0,1623000000,1623000000,801000000,305000000,2291000000,0.201583809943,1986000000,0.174747030356,0.0,1986000000,0.174747030356,293000000,1693000000,0.148966124065,2.02,2.04,828000000,830000000,https://www.sec.gov/Archives/edgar/data/4962/000000496220000030/0000004962-20-000030-index.htm,https://www.sec.gov/Archives/edgar/data/4962/000000496220000030/axp-20191231.htm
2019-09-30,AXP,2019-10-21,2019-10-21 13:56:06,Q3,10989000000,0.0,10989000000,1.0,0.0,1499000000,0.0,0.0,1499000000,1499000000,877000000,300000000,2566000000,0.233506233506,2266000000,0.206206206206,0.0,2266000000,0.206206206206,511000000,1755000000,0.159705159705,2.09,2.08,833000000,835000000,https://www.sec.gov/Archives/edgar/data/4962/000000496219000086/0000004962-19-000086-index.htm,https://www.sec.gov/Archives/edgar/data/4962/000000496219000086/axp-20190930.htm
2019-06-30,AXP,2019-07-23,2019-07-23 15:55:11,Q2,10838000000,0.0,10838000000,1.0,0.0,1367000000,-1573000000,0.0,1367000000,1367000000,891000000,286000000,2505000000,0.231131205019,2219000000,0.20474257243,0.0,2219000000,0.20474257243,458000000,1761000000,0.162483853109,2.07,2.07,837000000,839000000,https://www.sec.gov/Archives/edgar/data/4962/000000496219000051/0000004962-19-000051-index.htm,https://www.sec.gov/Archives/edgar/data/4962/000000496219000051/axpq21910q.htm
2019-03-31,AXP,2019-04-23,2019-04-23 12:49:32,Q1,10364000000,0.0,10364000000,1.0,0.0,1422000000,1573000000,0.0,1422000000,1422000000,895000000,297000000,2255000000,0.217580084909,1958000000,0.188923195677,0.0,1958000000,0.188923195677,408000000,1550000000,0.149556155924,1.81,1.8,841.0,843.0,https://www.sec.gov/Archives/edgar/data/4962/000000496219000031/0000004962-19-000031-index.htm,https://www.sec.gov/Archives/edgar/data/4962/000000496219000031/axpq11910q.htm
2018-12-31,AXP,2019-02-13,2019-02-13 17:21:47,FY,10474000000,0.0,10474000000,1.0,0.0,1294000000,0.0,0.0,1294000000,1294000000,834000000,286000000,2117000000,0.202119534084,1831000000,0.174813824709,0.0,1831000000,0.174813824709,-179000000,2010000000,0.191903761696,2.31,2.32,856000000,859000000,https://www.sec.gov/Archives/edgar/data/4962/000000496219000018/0000004962-19-000018-index.htm,https://www.sec.gov/Archives/edgar/data/4962/000000496219000018/axp201810k.htm
2018-09-30,AXP,2018-10-23,2018-10-23 15:10:07,Q3,10144000000,0.0,10144000000,1.0,0.0,1350000000,0.0,0.0,1350000000,1350000000,777000000,322000000,2440000000,0.240536277603,2118000000,0.208793375394,0.0,2118000000,0.208793375394,464000000,1654000000,0.163052050473,1.89,1.89,859000000,861000000,https://www.sec.gov/Archives/edgar/data/4962/000000496218000121/0000004962-18-000121-index.htm,https://www.sec.gov/Archives/edgar/data/4962/000000496218000121/axpq31810q.htm
2018-06-30,AXP,2018-07-24,2018-07-24 16:07:50,Q2,17879000000,0.0,17879000000,1.0,0.0,1280000000,-1345000000,0.0,1280000000,1280000000,711000000,337000000,2428000000,0.135801778623,2091000000,0.116952849712,0.0,2091000000,0.116952849712,468000000,1623000000,0.0907768890878,1.85,1.84,859000000,862000000,https://www.sec.gov/Archives/edgar/data/4962/000000496218000095/0000004962-18-000095-index.htm,https://www.sec.gov/Archives/edgar/data/4962/000000496218000095/axpq21810q.htm
2018-03-31,AXP,2018-04-25,2018-04-25 15:54:04,Q1,1841000000,0.0,1841000000,1.0,0.0,1326000000,1345000000,0.0,1326000000,1326000000,621000000,348000000,2430000000,1.31993481803,2082000000,1.1309071157,0.0,2082000000,1.1309071157,448000000,1634000000,0.887561108093,1.86,1.86,859000000,861000000,https://www.sec.gov/Archives/edgar/data/4962/000000496218000060/0000004962-18-000060-index.htm,https://www.sec.gov/Archives/edgar/data/4962/000000496218000060/axpq11810q.htm
2017-12-31,AXP,2018-02-16,2018-02-16 16:54:58,FY,28766000000,0.0,28766000000,1.0,276000000,1436000000,3217000000,0.0,1712000000,1712000000,580000000,368000000,2189000000,0.0760967809219,1821000000,0.063303900438,0.0,1821000000,0.063303900438,3018000000,-1197000000,-0.13542255911302184,-1.35,-1.33,883000000,886000000,https://www.sec.gov/Archives/edgar/data/4962/000000496218000032/0000004962-18-000032-index.htm,https://www.sec.gov/Archives/edgar/data/4962/000000496218000032/axp201710k.htm
2017-09-30,AXP,2017-10-24,2017-10-24 13:20:11,Q3,1675000000,0.0,1675000000,1.0,0.0,1265000000,0.0,0.0,1265000000,1265000000,567000000,338000000,2165000000,1.29253731343,1827000000,1.09074626866,0.0,1827000000,1.09074626866,471000000,1356000000,0.809552238806,1.51,1.5,889000000,892000000,https://www.sec.gov/Archives/edgar/data/4962/000000496217000105/0000004962-17-000105-index.htm,https://www.sec.gov/Archives/edgar/data/4962/000000496217000105/axpq31710q.htm
2017-06-30,AXP,2017-07-25,2017-07-25 12:56:32,Q2,1530000000,0.0,1530000000,1.0,-63000000,1293000000,-700000000,0.0,1230000000,1230000000,522000000,319000000,2268000000,1.48235294118,1949000000,1.27385620915,0.0,1949000000,1.27385620915,609000000,1340000000,0.875816993464,1.47,1.46,895000000,898000000,https://www.sec.gov/Archives/edgar/data/4962/000000496217000071/0000004962-17-000071-index.htm,https://www.sec.gov/Archives/edgar/data/4962/000000496217000071/axpq21710q.htm
2017-03-31,AXP,2017-04-27,2017-04-27 15:12:48,Q1,1500000000,0.0,1500000000,1.0,63000000,1264000000,700000000,0.0,1327000000,1327000000,443000000,296000000,2113000000,1.40866666667,1817000000,1.21133333333,0.0,1817000000,1.21133333333,580000000,1237000000,0.824666666667,1.34,1.34,899000000,903000000,https://www.sec.gov/Archives/edgar/data/4962/000000496217000040/0000004962-17-000040-index.htm,https://www.sec.gov/Archives/edgar/data/4962/000000496217000040/axpq11710q.htm
2016-12-31,AXP,2017-02-17,2017-02-17 11:45:00,FY,1408000000,0.0,1408000000,1.0,71000000,1207000000,0.0,0.0,1278000000,1278000000,413000000,285000000,1446000000,1.02698863636,1161000000,0.824573863636,0.0,1161000000,0.824573863636,336000000,825000000,0.5859375,0.88,0.89,933000000,935000000,https://www.sec.gov/Archives/edgar/data/4962/000119312517047588/0001193125-17-047588-index.htm,https://www.sec.gov/Archives/edgar/data/4962/000119312517047588/d321397d10k.htm
2016-09-30,AXP,2016-10-25,2016-10-25 15:42:00,Q3,1334000000,0.0,1334000000,1.0,116000000,1263000000,0.0,3388000000,1379000000,1379000000,430000000,274000000,2009000000,1.5059970015,1735000000,1.30059970015,0.0,1735000000,1.30059970015,593000000,1142000000,0.856071964018,1.22,1.22,940000000,943000000,https://www.sec.gov/Archives/edgar/data/4962/000119312516746492/0001193125-16-746492-index.htm,https://www.sec.gov/Archives/edgar/data/4962/000119312516746492/d258419d10q.htm
2016-06-30,AXP,2016-07-26,2016-07-26 13:36:31,Q2,1449000000,0.0,1449000000,1.0,32000000,1451000000,1607000000,1325000000,1483000000,1483000000,436000000,275000000,3291000000,2.27122153209,3016000000,2.08143547274,0.0,3016000000,2.08143547274,1001000000,2015000000,1.3906142167,2.1,2.09,949000000,952000000,https://www.sec.gov/Archives/edgar/data/4962/000119312516657869/0001193125-16-657869-index.htm,https://www.sec.gov/Archives/edgar/data/4962/000119312516657869/d218447d10q.htm
2016-03-31,AXP,2016-04-27,2016-04-27 14:28:56,Q1,1580000000,0.0,1580000000,1.0,83000000,1338000000,727000000,0.0,1421000000,1421000000,425000000,261000000,2445000000,1.54746835443,2184000000,1.38227848101,0.0,2184000000,1.38227848101,758000000,1426000000,0.90253164557,1.45,1.45,961000000,963000000,https://www.sec.gov/Archives/edgar/data/4962/000119312516558855/0001193125-16-558855-index.htm,https://www.sec.gov/Archives/edgar/data/4962/000119312516558855/d172171d10q.htm
2015-12-31,AXP,2016-02-19,2016-02-19 14:36:25,FY,1547000000,0.0,1547000000,1.0,88000000,1209000000,0.0,0.0,1297000000,1297000000,400000000,263000000,1717000000,1.10989010989,1454000000,0.939883645766,0.0,1454000000,0.939883645766,555000000,899000000,0.581124757595,0.9,0.9,999000000,1003000000,https://www.sec.gov/Archives/edgar/data/4962/000119312516469798/0001193125-16-469798-index.htm,https://www.sec.gov/Archives/edgar/data/4962/000119312516469798/d131774d10k.htm
2015-09-30,AXP,2015-10-28,2015-10-28 14:30:03,Q3,1505000000,0.0,1505000000,1.0,84000000,1212000000,0.0,0.0,1296000000,1296000000,399000000,266000000,2204000000,1.46445182724,1938000000,1.2877076412,0.0,1938000000,1.2877076412,672000000,1266000000,0.841196013289,1.25,1.25,1007000000,1011000000,https://www.sec.gov/Archives/edgar/data/4962/000119312515356064/0001193125-15-356064-index.htm,https://www.sec.gov/Archives/edgar/data/4962/000119312515356064/d20866d10q.htm
2015-06-30,AXP,2015-07-29,2015-07-29 13:06:38,Q2,1423000000,0.0,1423000000,1.0,85000000,1250000000,-609000000,0.0,1335000000,1335000000,414000000,263000000,2493000000,1.75193253689,2230000000,1.56711173577,0.0,2230000000,1.56711173577,757000000,1473000000,1.03513703443,1.42,1.42,1013000000,1018000000,https://www.sec.gov/Archives/edgar/data/4962/000119312515267714/0001193125-15-267714-index.htm,https://www.sec.gov/Archives/edgar/data/4962/000119312515267714/d80442d10q.htm
2015-03-31,AXP,2015-04-29,2015-04-29 12:02:17,Q1,1447000000,0.0,1447000000,1.0,88000000,1305000000,609000000,0.0,1393000000,1393000000,410000000,251000000,2567000000,1.77401520387,2316000000,1.600552868,0.0,2316000000,1.600552868,791000000,1525000000,1.05390463027,1.48,1.48,1019000000,1023000000,https://www.sec.gov/Archives/edgar/data/4962/000119312515155393/0001193125-15-155393-index.htm,https://www.sec.gov/Archives/edgar/data/4962/000119312515155393/d914131d10q.htm
2014-12-31,AXP,2015-02-24,2015-02-24 15:38:15,FY,1424000000,0.0,1424000000,1.0,383000000,1607000000,0.0,0.0,1990000000,1990000000,405000000,248000000,2473000000,1.73665730337,2225000000,1.5625,0.0,2225000000,1.5625,778000000,1447000000,1.01615168539,1.39,1.39,1045000000,1051000000,https://www.sec.gov/Archives/edgar/data/4962/000119312515059931/0001193125-15-059931-index.htm,https://www.sec.gov/Archives/edgar/data/4962/000119312515059931/d862737d10k.htm
2014-09-30,AXP,2014-10-28,2014-10-28 15:58:38,Q3,1395000000,0.0,1395000000,1.0,0.0,1290000000,0.0,0.0,1290000000,1290000000,420000000,249000000,2495000000,1.78853046595,2246000000,1.61003584229,0.0,2246000000,1.61003584229,769000000,1477000000,1.05878136201,1.4,1.4,1051000000,1057000000,https://www.sec.gov/Archives/edgar/data/4962/000119312514384990/0001193125-14-384990-index.htm,https://www.sec.gov/Archives/edgar/data/4962/000119312514384990/d808273d10q.htm
2014-06-30,AXP,2014-07-30,2014-07-30 16:22:40,Q2,1316000000,0.0,1316000000,1.0,0.0,1658000000,-2417000000,0.0,1658000000,1658000000,443000000,266000000,2578000000,1.95896656535,2312000000,1.75683890578,0.0,2312000000,1.75683890578,783000000,1529000000,1.16185410334,1.44,1.44,1056000000,1062000000,https://www.sec.gov/Archives/edgar/data/4962/000119312514286961/0001193125-14-286961-index.htm,https://www.sec.gov/Archives/edgar/data/4962/000119312514286961/d762725d10q.htm
2014-03-31,AXP,2014-04-29,2014-04-29 16:03:15,Q1,1337000000,0.0,1337000000,1.0,0.0,1540000000,2417000000,0.0,1540000000,1540000000,439000000,249000000,2457000000,1.83769633508,2208000000,1.65145848915,0.0,2208000000,1.65145848915,776000000,1432000000,1.07105459985,1.33,1.33,1060000000,1067000000,https://www.sec.gov/Archives/edgar/data/4962/000119312514167067/0001193125-14-167067-index.htm,https://www.sec.gov/Archives/edgar/data/4962/000119312514167067/d714342d10q.htm
2013-12-31,AXP,2014-02-25,2014-02-25 12:48:41,FY,1319000000,0.0,1319000000,1.0,0.0,1489000000,0.0,0.0,1489000000,1489000000,463000000,257000000,2237000000,1.6959818044,1980000000,1.50113722517,0.0,1980000000,1.50113722517,672000000,1308000000,0.991660348749,1.24,1.21,1082000000,1089000000,https://www.sec.gov/Archives/edgar/data/4962/000119312514066777/0001193125-14-066777-index.htm,https://www.sec.gov/Archives/edgar/data/4962/000119312514066777/d656045d10k.htm
2013-09-30,AXP,2013-10-29,2013-10-29 15:59:17,Q3,1283000000,0.0,1283000000,1.0,0.0,1544000000,1756000000,942000000,1544000000,1544000000,484000000,266000000,2270000000,1.76929072486,2004000000,1.56196414653,0.0,2004000000,1.56196414653,638000000,1366000000,1.06469212783,1.25,1.25,1087000000,1094000000,https://www.sec.gov/Archives/edgar/data/4962/000119312513415898/0001193125-13-415898-index.htm,https://www.sec.gov/Archives/edgar/data/4962/000119312513415898/d600603d10q.htm
2013-06-30,AXP,2013-07-29,2013-07-29 17:18:14,Q2,1202000000,0.0,1202000000,1.0,0.0,1543000000,950000000,1856000000,1543000000,1543000000,492000000,252000000,2247000000,1.8693843594,1995000000,1.65973377704,0.0,1995000000,1.65973377704,590000000,1458000000,1.21297836938,1.27,1.27,1094000000,1101000000,https://www.sec.gov/Archives/edgar/data/4962/000119312513307673/0001193125-13-307673-index.htm,https://www.sec.gov/Archives/edgar/data/4962/000119312513307673/d575832d10q.htm
2013-03-31,AXP,2013-04-29,2013-04-29 11:38:19,Q1,1243000000,0.0,1243000000,1.0,0.0,1615000000,2330000000,0.0,1615000000,1615000000,519000000,245000000,2154000000,1.73290426388,1909000000,1.5358004827,0.0,1909000000,1.5358004827,629000000,1227000000,0.987127916331,1.15,1.15,1099000000,1106000000,https://www.sec.gov/Archives/edgar/data/4962/000119312513180601/0001193125-13-180601-index.htm,https://www.sec.gov/Archives/edgar/data/4962/000119312513180601/d526492d10q.htm
2012-12-31,AXP,2013-02-22,2013-02-22 09:45:18,FY,1193000000,0.0,1193000000,1.0,0.0,1910000000,0.0,0.0,1910000000,1910000000,544000000,240000000,1169000000,0.979882648785,929000000,0.77870913663,0.0,929000000,0.77870913663,292000000,637000000,0.533948030176,0.58,0.58,1135000000,1141000000,https://www.sec.gov/Archives/edgar/data/4962/000119312513070554/0001193125-13-070554-index.htm,https://www.sec.gov/Archives/edgar/data/4962/000119312513070554/d486442d10k.htm
2012-09-30,AXP,2012-10-31,2012-10-31 16:13:30,Q3,1181000000,0.0,1181000000,1.0,0.0,1516000000,1626000000,962000000,1516000000,1516000000,558000000,244000000,2114000000,1.7900084674,1870000000,1.583403895,0.0,1870000000,1.583403895,620000000,1250000000,1.05842506351,1.1,1.09,1143000000,1149000000,https://www.sec.gov/Archives/edgar/data/4962/000119312512443821/0001193125-12-443821-index.htm,https://www.sec.gov/Archives/edgar/data/4962/000119312512443821/d429609d10q.htm
2012-06-30,AXP,2012-08-02,2012-08-02 17:08:51,Q2,1121000000,0.0,1121000000,1.0,0.0,1536000000,719000000,1941000000,1536000000,1536000000,550000000,253000000,2132000000,1.90187332739,1879000000,1.67618198037,0.0,1879000000,1.67618198037,540000000,1339000000,1.19446922391,1.16,1.15,1151000000,1158000000,https://www.sec.gov/Archives/edgar/data/4962/000119312512332179/0001193125-12-332179-index.htm,https://www.sec.gov/Archives/edgar/data/4962/000119312512332179/d387264d10q.htm
2012-03-31,AXP,2012-05-01,2012-05-01 14:57:54,Q1,1133000000,0.0,1133000000,1.0,0.0,1635000000,2319000000,0.0,1635000000,1635000000,574000000,254000000,2027000000,1.78905560459,1773000000,1.56487202118,0.0,1773000000,1.56487202118,517000000,1256000000,1.10856134157,1.07,1.07,1160000000,1166000000,https://www.sec.gov/Archives/edgar/data/4962/000119312512200270/0001193125-12-200270-index.htm,https://www.sec.gov/Archives/edgar/data/4962/000119312512200270/d339106d10q.htm
2011-12-31,AXP,2012-02-24,2012-02-24 12:34:57,FY,4641000000,0.0,4641000000,1.0,0.0,6252000000,0.0,0.0,6252000000,6252000000,2320000000,918000000,7874000000,1.69661710838,6956000000,1.49881491058,0.0,6956000000,1.49881491058,2057000000,4935000000,1.06334841629,4.14,4.12,1178000000,1184000000,https://www.sec.gov/Archives/edgar/data/4962/000119312512077400/0001193125-12-077400-index.htm,https://www.sec.gov/Archives/edgar/data/4962/000119312512077400/d281394d10k.htm
2011-09-30,AXP,2011-11-02,2011-11-02 17:23:28,Q2,3838000000,0.0,3838000000,1.0,0.0,-3117000000,1646000000,898000000,898000000,898000000,-1170000000,-505000000,-87000000,1.75142231947,418000000,1.53041575492,0.0,418000000,1.53041575492,418000000,-2508000000,1.09759299781,-2.08,-2.07,0.0,0.0,https://www.sec.gov/Archives/edgar/data/4962/000095012311094420/0000950123-11-094420-index.htm,https://www.sec.gov/Archives/edgar/data/4962/000095012311094420/y93235e10vq.htm
2011-06-30,AXP,2011-08-03,2011-08-03 16:38:45,Q2,2285000000,0.0,2285000000,1.0,0.0,3117000000,957000000,1844000000,3117000000,3117000000,1170000000,505000000,4002000000,1.75142231947,3497000000,1.53041575492,0.0,3497000000,1.53041575492,1025000000,2508000000,1.09759299781,2.08,2.07,1190000000,1197000000,https://www.sec.gov/Archives/edgar/data/4962/000095012311072260/0000950123-11-072260-index.htm,https://www.sec.gov/Archives/edgar/data/4962/000095012311072260/y92008te10vq.htm
2011-03-31,AXP,2011-05-04,2011-05-04 13:35:09,Q2,7031000000,0.0,7031000000,1.0,0.0,-5566000000,2450000000,0.0,2450000000,2450000000,-2423000000,-917000000,815000000,1.02156500308,1732000000,0.833230642842,0.0,1732000000,1.22489217498,555000000,1177000000,0.833230642842,-3.37,-3.35,0.0,0.0,https://www.sec.gov/Archives/edgar/data/4962/000095012311044479/0000950123-11-044479-index.htm,https://www.sec.gov/Archives/edgar/data/4962/000095012311044479/y90330te10vq.htm
2010-12-31,AXP,2011-02-28,2011-02-25 21:38:38,FY,1190000000,0.0,1190000000,1.0,0.0,1570000000,0.0,0.0,1570000000,1570000000,605000000,228000000,228000000,-0.16974789916,-430000000,-0.361344537815,0.0,1477000000,1.24117647059,415000000,1062000000,0.89243697479,0.88,0.88,1188000000,1195000000,https://www.sec.gov/Archives/edgar/data/4962/000095012311019072/0000950123-11-019072-index.htm,https://www.sec.gov/Archives/edgar/data/4962/000095012311019072/y87970e10vk.htm
2010-09-30,AXP,2010-11-03,2010-11-03 17:22:14,Q3,1184000000,0.0,1184000000,1.0,0.0,1354000000,1455000000,964000000,1354000000,1354000000,610000000,248000000,1888000000,1.59459459459,1640000000,1.38513513514,0.0,1640000000,1.38513513514,547000000,1093000000,0.923141891892,0.91,0.9,1189000000,1195000000,https://www.sec.gov/Archives/edgar/data/4962/000095012310100214/0000950123-10-100214-index.htm,https://www.sec.gov/Archives/edgar/data/4962/000095012310100214/y86865e10vq.htm
2010-06-30,AXP,2010-08-05,2010-08-04 21:45:58,Q2,1188000000,0.0,1188000000,1.0,0.0,1315000000,725000000,1785000000,1315000000,1315000000,610000000,220000000,1815000000,1.52777777778,1595000000,1.34259259259,0.0,1595000000,1.34259259259,578000000,1017000000,0.856060606061,0.84,0.84,1188000000,1194000000,https://www.sec.gov/Archives/edgar/data/4962/000095012310072749/0000950123-10-072749-index.htm,https://www.sec.gov/Archives/edgar/data/4962/000095012310072749/c02607e10vq.htm
2010-03-31,AXP,2010-05-05,2010-05-05 17:06:53,Q1,1307000000,0.0,1307000000,1.0,0.0,1327000000,1962000000,0.0,1327000000,1327000000,598000000,221000000,1473000000,1.12700841622,1252000000,0.95791889824,0.0,1252000000,0.18952467453829852,367000000,885000000,0.677123182862,0.74,0.73,1185000000,1191000000,https://www.sec.gov/Archives/edgar/data/4962/000119312510109084/0001193125-10-109084-index.htm,https://www.sec.gov/Archives/edgar/data/4962/000119312510109084/d10q.htm
2009-12-31,AXP,2010-02-26,2010-02-25 20:48:03,FY,0.0,0.0,0.0,0.0,0.0,0.0,0.0,0.0,0.0,0.0,235000000,-777000000,-777000000,0.0,0.0,0.0,0.0,0.0,0.0,0.0,0.0,0.0,0.0,0.0,1488421052,1488421052,https://www.sec.gov/Archives/edgar/data/4962/000119312510041232/0001193125-10-041232-index.htm,https://www.sec.gov/Archives/edgar/data/4962/000119312510041232/d10k.htm
2009-09-30,AXP,2009-10-30,2009-10-30 16:27:04,Q3,7676000000,0.0,7676000000,1.0,0.0,0.0,1619000000,0.0,1619000000,1619000000,-543000000,209000000,1127000000,0.14682126107347576,918000000,0.11959353830119854,0.0,916000000,0.11933298593017197,276000000,640000000,0.08337675872850443,0.95,0.95,1488421052,1488421052,https://www.sec.gov/Archives/edgar/data/4962/000119312509218953/0001193125-09-218953-index.htm,https://www.sec.gov/Archives/edgar/data/4962/000119312509218953/d10q.htm
2009-06-30,AXP,2009-08-03,2009-08-03 16:29:37,Q2,4432000000,0.0,4432000000,1.0,0.0,0.0,1512000000,0.0,1512000000,1512000000,-547000000,376000000,794000000,0.17915162454873645,418000000,0.09431407942238267,0.0,413000000,0.09318592057761733,76000000,337000000,0.07603790613718411,0.41,0.41,1887804878,1887804878,https://www.sec.gov/Archives/edgar/data/4962/000119312509162246/0001193125-09-162246-index.htm,https://www.sec.gov/Archives/edgar/data/4962/000119312509162246/d10q.htm
2009-03-31,AXP,2009-05-01,2009-05-01 14:19:01,Q1,5926000000,0.0,5926000000,1.0,0.0,0.0,1302000000,0.0,1302000000,1302000000,-555000000,192000000,736000000,0.12419844751940601,544000000,0.09179885251434357,0.0,538000000,0.09078636517043537,101000000,437000000,0.07374282821464731,0.32,0.32,1365625000,1365625000,https://www.sec.gov/Archives/edgar/data/4962/000110465909028486/0001104659-09-028486-index.htm,https://www.sec.gov/Archives/edgar/data/4962/000110465909028486/a09-11386_110q.htm
2008-12-31,AXP,2009-02-27,2009-02-27 16:25:14,FY,0.0,0.0,0.0,0.0,0.0,0.0,0.0,0.0,0.0,0.0,-540000000,-538000000,-538000000,0.0,0.0,0.0,0.0,0.0,0.0,0.0,0.0,0.0,0.0,0.0,1107657657,1107657657,https://www.sec.gov/Archives/edgar/data/4962/000119312509041008/0001193125-09-041008-index.htm,https://www.sec.gov/Archives/edgar/data/4962/000119312509041008/d10k.htm
2008-09-30,AXP,2008-10-31,2008-10-31 06:04:52,Q3,8032000000,0.0,8032000000,1.0,0.0,0.0,1929000000,0.0,1929000000,1929000000,-7189000000,179000000,1372000000,0.17081673306772907,1193000000,0.1485308764940239,0.0,1072000000,0.13346613545816732,257000000,815000000,0.10146912350597609,2.22,2.22,1107657657,1107657657,https://www.sec.gov/Archives/edgar/data/4962/000110465908067075/0001104659-08-067075-index.htm,https://www.sec.gov/Archives/edgar/data/4962/000110465908067075/a08-25726_110q.htm
2008-06-30,AXP,2008-07-31,2008-07-31 17:20:40,Q2,8340000000,0.0,8340000000,1.0,0.0,0.0,1924000000,0.0,1924000000,1924000000,-7484000000,186000000,952000000,0.11414868105515588,766000000,0.09184652278177458,0.0,764000000,0.09160671462829736,111000000,653000000,0.07829736211031176,1.41,1.41,1165957446,1165957446,https://www.sec.gov/Archives/edgar/data/4962/000110465908048974/0001104659-08-048974-index.htm,https://www.sec.gov/Archives/edgar/data/4962/000110465908048974/a08-19063_110q.htm
2008-03-31,AXP,2008-05-02,2008-05-02 15:18:27,Q1,8105000000,0.0,8105000000,1.0,0.0,0.0,1756000000,0.0,1756000000,1756000000,-7186000000,173000000,1527000000,0.18840222085132635,1354000000,0.16705737199259715,0.0,1371000000,0.16915484268969772,380000000,991000000,0.12227020357803825,0.84,0.84,1179761904,1179761904,https://www.sec.gov/Archives/edgar/data/4962/000110465908029464/0001104659-08-029464-index.htm,https://www.sec.gov/Archives/edgar/data/4962/000110465908029464/a08-11759_110q.htm
2007-12-31,AXP,2008-02-28,2008-02-28 17:21:14,FY,-89000000,0.0,89000000,-1.0,0.0,0.0,0.0,0.0,0.0,0.0,89000000,-482000000,3566000000,-40.06741573033708,4048000000,-45.48314606741573,0.0,4012000000,-45.07865168539326,0.0,4012000000,-45.07865168539326,0.0,0.0,1169485294,1169485294,https://www.sec.gov/Archives/edgar/data/4962/000119312508042043/0001193125-08-042043-index.htm,https://www.sec.gov/Archives/edgar/data/4962/000119312508042043/d10k.htm
2007-09-30,AXP,2007-11-09,2007-11-09 17:12:06,Q3,7327000000,0.0,7327000000,1.0,0.0,0.0,1806000000,0.0,1806000000,1806000000,-6569000000,143000000,1546000000,0.21100040944452025,1403000000,0.19148355397843592,0.0,1388000000,0.1894363313770984,321000000,1067000000,0.1456257677084755,2.72,2.72,1169485294,1169485294,https://www.sec.gov/Archives/edgar/data/4962/000110465907081852/0001104659-07-081852-index.htm,https://www.sec.gov/Archives/edgar/data/4962/000110465907081852/a07-28534_110q.htm
2007-06-30,AXP,2007-08-07,2007-08-07 10:48:12,Q2,8199000000,0.0,8199000000,1.0,0.0,0.0,1828000000,0.0,1828000000,1828000000,-7130000000,175000000,1615000000,0.19697524088303453,1440000000,0.1756311745334797,0.0,1435000000,0.17502134406634956,378000000,1057000000,0.12891816075131113,1.8,1.8,1174444444,1174444444,https://www.sec.gov/Archives/edgar/data/4962/000110465907059503/0001104659-07-059503-index.htm,https://www.sec.gov/Archives/edgar/data/4962/000110465907059503/a07-19301_110q.htm
2007-03-31,AXP,2007-05-09,2007-05-09 17:01:17,Q1,7631000000,0.0,7631000000,1.0,0.0,0.0,1464000000,0.0,1464000000,1464000000,-6668000000,164000000,1758000000,0.2303760974970515,1594000000,0.20888481195125147,0.0,1586000000,0.20783645655877342,529000000,1057000000,0.13851395623116236,0.9,0.9,1174444444,1174444444,https://www.sec.gov/Archives/edgar/data/4962/000110465907037625/0001104659-07-037625-index.htm,https://www.sec.gov/Archives/edgar/data/4962/000110465907037625/a07-13364_110q.htm
2006-12-31,AXP,2007-03-01,2007-03-01 15:46:48,FY,13000000,0.0,13000000,1.0,0.0,0.0,0.0,0.0,0.0,0.0,0.0,0.0,508000000,39.07692307692308,508000000,39.07692307692308,0.0,-27000000,-2.076923076923077,0.0,-27000000,-2.076923076923077,0.0,0.0,0.0,0.0,https://www.sec.gov/Archives/edgar/data/4962/000095012307003020/0000950123-07-003020-index.htm,https://www.sec.gov/Archives/edgar/data/4962/000095012307003020/y30921e10vk.htm
