date,symbol,fillingDate,acceptedDate,period,revenue,costOfRevenue,grossProfit,grossProfitRatio,researchAndDevelopmentExpenses,generalAndAdministrativeExpenses,sellingAndMarketingExpenses,otherExpenses,operatingExpenses,costAndExpenses,interestExpense,depreciationAndAmortization,ebitda,ebitdaratio,operatingIncome,operatingIncomeRatio,totalOtherIncomeExpensesNet,incomeBeforeTax,incomeBeforeTaxRatio,incomeTaxExpense,netIncome,netIncomeRatio,eps,epsdiluted,weightedAverageShsOut,weightedAverageShsOutDil,link,finalLink
2020-03-31,BA,2020-04-29,2020-04-29 12:54:55,Q1,16908000000,16756000000,152000000,0.008989827300686065,-672000000,-873000000,0,0,-1545000000,-16768000000,12000000,556000000,554000000,0.032765554766974216,-2000000,-0.00011828720132481665,112000000,-1503000000,-0.08889283179559972,862000000,-2365000000,-0.1398746155665957,-1.11,-1.11,565400000,566000000,https://www.sec.gov/Archives/edgar/data/12927/000001292720000045/0000012927-20-000045-index.htm,https://www.sec.gov/Archives/edgar/data/12927/000001292720000045/a202003mar3110-q.htm
2019-12-31,BA,2020-01-31,2020-01-31 13:23:40,FY,17911000000,18695000000,-784000000,-0.04377198369716934,-749000000,-1052000000,0,0,-1801000000,-18708000000,13000000,628000000,627000000,0.035006420635363744,-1000000,-5.583161185863436e-05,104000000,-2342000000,-0.13075763497292167,1332000000,-3674000000,-0.20512534196862264,-1.78,-1.78,565400000,566000000,https://www.sec.gov/Archives/edgar/data/12927/000001292720000014/0000012927-20-000014-index.htm,https://www.sec.gov/Archives/edgar/data/12927/000001292720000014/a201912dec3110k.htm
2019-09-30,BA,2019-10-23,2019-10-23 12:44:54,Q3,19980000000,16915000000,3065000000,0.15340340340340342,-778000000,-1001000000,0,0,-1779000000,-16930000000,15000000,576000000,568000000,0.028428428428428427,-8000000,-0.0004004004004004004,121000000,1177000000,0.05890890890890891,-10000000,1187000000,0.05940940940940941,2.07,2.05,565600000,566200000,https://www.sec.gov/Archives/edgar/data/12927/000001292719000077/0000012927-19-000077-index.htm,https://www.sec.gov/Archives/edgar/data/12927/000001292719000077/a201909sep3010-q.htm
2019-06-30,BA,2019-07-24,2019-07-24 12:42:25,Q2,15751000000,17794000000,-2043000000,-0.12970605040949781,-826000000,-672000000,0,0,-1498000000,-17810000000,16000000,546000000,531000000,0.03371214526061837,-15000000,-0.0009523204875880897,107000000,-3427000000,-0.21757348739762555,485000000,-3912000000,-0.2483651831629738,-5.21,-5.21,566000000,566600000,https://www.sec.gov/Archives/edgar/data/12927/000001292719000063/0000012927-19-000063-index.htm,https://www.sec.gov/Archives/edgar/data/12927/000001292719000063/a201906jun3010-q.htm
2019-03-31,BA,2019-04-24,2019-04-24 12:56:09,Q1,22917000000,18627000000,4290000000,0.18719727713051446,-866000000,-1184000000,0,0,-2050000000,-18645000000,18000000,521000000,541000000,0.023606929353754854,20000000,0.0008727145786970371,106000000,2333000000,0.10180215560500938,-184000000,2517000000,0.10983112972902212,3.79,3.75,572000000,572000000,https://www.sec.gov/Archives/edgar/data/12927/000001292719000030/0000012927-19-000030-index.htm,https://www.sec.gov/Archives/edgar/data/12927/000001292719000030/a201903mar3110-q.htm
2018-12-31,BA,2019-02-08,2019-02-08 13:10:39,FY,28341000000,22072000000,6269000000,0.22119896969055433,-852000000,-1222000000,0,0,-2074000000,-22090000000,18000000,582000000,581000000,0.020500335203415546,-1000000,-3.528457005751385e-05,29000000,4046000000,0.14276137045270104,-622000000,4668000000,0.16470837302847466,5.97,5.9,579200000,579900000,https://www.sec.gov/Archives/edgar/data/12927/000001292719000010/0000012927-19-000010-index.htm,https://www.sec.gov/Archives/edgar/data/12927/000001292719000010/a201812dec3110k.htm
2018-09-30,BA,2018-10-24,2018-10-24 13:38:46,Q3,25146000000,21022000000,4124000000,0.164002226994353,-826000000,-1154000000,0,0,-1980000000,-21040000000,18000000,522000000,554000000,0.022031336991966913,32000000,0.00127256820170206,12000000,2133000000,0.08482462419470294,230000000,1903000000,0.07567804024496938,4.11,4.07,582000000,582700000,https://www.sec.gov/Archives/edgar/data/12927/000001292718000065/0000012927-18-000065-index.htm,https://www.sec.gov/Archives/edgar/data/12927/000001292718000065/a201809sep3010-q.htm
2018-06-30,BA,2018-07-25,2018-07-25 12:55:19,Q2,24258000000,19519000000,4739000000,0.1953582323357243,-827000000,-1194000000,0,0,-2021000000,-19536000000,17000000,494000000,500000000,0.02061175694616209,6000000,0.0002473410833539451,-15000000,2586000000,0.10660400692555033,-390000000,2976000000,0.12268117734355677,3.78,3.73,586000000,586600000,https://www.sec.gov/Archives/edgar/data/12927/000001292718000048/0000012927-18-000048-index.htm,https://www.sec.gov/Archives/edgar/data/12927/000001292718000048/a201806jun3010-q.htm
2018-03-31,BA,2018-04-25,2018-04-25 12:42:54,Q1,23382000000,18808000000,4574000000,0.19562056282610554,-764000000,-997000000,0,0,-1761000000,-18824000000,16000000,471000000,545000000,0.023308527927465572,74000000,0.0031648276451971603,66000000,2839000000,0.12141818492857753,-362000000,3201000000,0.13690017962535284,4.19,4.15,590100000,590800000,https://www.sec.gov/Archives/edgar/data/12927/000001292718000018/0000012927-18-000018-index.htm,https://www.sec.gov/Archives/edgar/data/12927/000001292718000018/a201803mar3110-q.htm
2017-12-31,BA,2018-02-12,2018-02-12 14:31:00,FY,25368000000,20410000000,4958000000,0.195443077893409,-761000000,-1206000000,0,0,-1967000000,-20427000000,17000000,582000000,617000000,0.024321980447808263,35000000,0.0013796909492273732,35000000,2972000000,0.11715547146010723,160000000,2812000000,0.1108483128350678,5.23,5.16,602500000,603200000,https://www.sec.gov/Archives/edgar/data/12927/000001292718000007/0000012927-18-000007-index.htm,https://www.sec.gov/Archives/edgar/data/12927/000001292718000007/a201712dec3110k.htm
2017-09-30,BA,2017-10-25,2017-10-25 12:34:25,Q3,24309000000,19960000000,4349000000,0.17890493232958987,-767000000,-915000000,0,0,-1682000000,-19987000000,27000000,522000000,571000000,0.02348924266732486,49000000,0.0020157143444814677,45000000,2647000000,0.10888971162943765,-794000000,3441000000,0.1415525114155251,3.09,3.05,604800000,605600000,https://www.sec.gov/Archives/edgar/data/12927/000001292717000073/0000012927-17-000073-index.htm,https://www.sec.gov/Archives/edgar/data/12927/000001292717000073/a201709sep3010-q.htm
2017-06-30,BA,2017-07-26,2017-07-26 12:36:18,Q2,22739000000,18375000000,4364000000,0.191916970843045,-813000000,-1040000000,0,0,-1853000000,-18388000000,13000000,494000000,533000000,0.023439905009015348,39000000,0.0017151150006596595,27000000,2469000000,0.10857997273406922,-708000000,3177000000,0.13971590659219843,2.92,2.88,607600000,608400000,https://www.sec.gov/Archives/edgar/data/12927/000001292717000044/0000012927-17-000044-index.htm,https://www.sec.gov/Archives/edgar/data/12927/000001292717000044/a201706jun3010-q.htm
2017-03-31,BA,2017-04-26,2017-04-26 12:30:07,Q1,20976000000,17251000000,3725000000,0.1775839054157132,-838000000,-933000000,0,0,-1771000000,-17264000000,13000000,471000000,552000000,0.02631578947368421,81000000,0.0038615560640732267,22000000,1959000000,0.09339244851258581,-508000000,2467000000,0.11761060259344013,2.36,2.34,613600000,614400000,https://www.sec.gov/Archives/edgar/data/12927/000001292717000024/0000012927-17-000024-index.htm,https://www.sec.gov/Archives/edgar/data/12927/000001292717000024/a201703mar3110-q.htm
2016-12-31,BA,2017-02-08,2017-02-08 15:37:44,FY,23286000000,19451000000,3835000000,0.16469123078244438,-726000000,-999000000,0,0,-1725000000,-19464000000,13000000,546000000,629000000,0.02701193850382204,83000000,0.0035643734432706346,-1000000,2103000000,0.0903117753156403,-472000000,2575000000,0.110581465258095,2.61,2.57,635500000,636500000,https://www.sec.gov/Archives/edgar/data/12927/000001292717000006/0000012927-17-000006-index.htm,https://www.sec.gov/Archives/edgar/data/12927/000001292717000006/a201612dec3110k.htm
2016-09-30,BA,2016-10-26,2016-10-26 13:22:49,Q3,23898000000,19890000000,4008000000,0.16771277931207632,-857000000,-923000000,0,0,-1780000000,-19904000000,14000000,474000000,543000000,0.022721566658297766,69000000,0.0028872709013306555,2000000,2203000000,0.09218344631349903,76000000,2127000000,0.08900326387145367,3.57,3.53,640200000,641200000,https://www.sec.gov/Archives/edgar/data/12927/000001292716000153/0000012927-16-000153-index.htm,https://www.sec.gov/Archives/edgar/data/12927/000001292716000153/a201609sep3010-q.htm
2016-06-30,BA,2016-07-27,2016-07-27 12:11:18,Q2,24755000000,22309000000,2446000000,0.09880832155120178,-2127000000,-806000000,0,0,-2933000000,-22325000000,16000000,447000000,544000000,0.02197535851343163,97000000,0.003918400323167037,13000000,-479000000,-0.01934962633811351,245000000,-724000000,-0.029246616845081803,-0.33,-0.32,647500000,648500000,https://www.sec.gov/Archives/edgar/data/12927/000001292716000143/0000012927-16-000143-index.htm,https://www.sec.gov/Archives/edgar/data/12927/000001292716000143/a201606jun3010-q.htm
2016-03-31,BA,2016-04-27,2016-04-27 12:13:08,Q1,22632000000,19081000000,3551000000,0.15690173206079888,-917000000,-888000000,0,0,-1805000000,-19097000000,16000000,443000000,497000000,0.02196005655708731,54000000,0.0023860021208907743,26000000,1741000000,0.076926475786497,-522000000,2263000000,0.0999911629551078,1.85,1.83,658600000,659600000,https://www.sec.gov/Archives/edgar/data/12927/000001292716000113/0000012927-16-000113-index.htm,https://www.sec.gov/Archives/edgar/data/12927/000001292716000113/a201603mar3110-q.htm
2015-12-31,BA,2016-02-10,2016-02-10 10:57:34,FY,23573000000,20627000000,2946000000,0.12497348661604378,-905000000,-931000000,0,0,-1836000000,-20642000000,15000000,484000000,551000000,0.02337419929580452,67000000,0.002842234760106902,10000000,1099000000,0.046621134348619184,-73000000,1172000000,0.04971789759470581,1.53,1.52,686900000,688000000,https://www.sec.gov/Archives/edgar/data/12927/000001292716000099/0000012927-16-000099-index.htm,https://www.sec.gov/Archives/edgar/data/12927/000001292716000099/a201512dec3110k.htm
2015-09-30,BA,2015-10-21,2015-10-21 12:26:40,Q3,25849000000,21584000000,4265000000,0.1649967116716314,-857000000,-889000000,0,0,-1746000000,-21600000000,16000000,437000000,515000000,0.019923401292119617,78000000,0.003017524855893845,-26000000,2487000000,0.09621261944369221,-783000000,3270000000,0.12650392665093427,2.49,2.46,691800000,692900000,https://www.sec.gov/Archives/edgar/data/12927/000001292715000068/0000012927-15-000068-index.htm,https://www.sec.gov/Archives/edgar/data/12927/000001292715000068/a201509sep3010-q.htm
2015-06-30,BA,2015-07-22,2015-07-22 12:34:11,Q2,24543000000,21333000000,3210000000,0.13079085686346412,-800000000,-760000000,0,0,-1560000000,-21350000000,17000000,453000000,503000000,0.02049464205679827,50000000,0.0020372407611131483,15000000,1623000000,0.0661288351057328,-513000000,2136000000,0.0870309253147537,1.61,1.59,697400000,698500000,https://www.sec.gov/Archives/edgar/data/12927/000001292715000055/0000012927-15-000055-index.htm,https://www.sec.gov/Archives/edgar/data/12927/000001292715000055/a201506jun3010-q.htm
2015-03-31,BA,2015-04-22,2015-04-22 12:56:27,Q1,22149000000,18480000000,3669000000,0.16565081945008803,-769000000,-945000000,0,0,-1714000000,-18496000000,16000000,459000000,538000000,0.024290035667524492,79000000,0.003566752449320511,-12000000,1946000000,0.08785949704275588,-610000000,2556000000,0.11540024380333198,1.89,1.87,704600000,705700000,https://www.sec.gov/Archives/edgar/data/12927/000001292715000019/0000012927-15-000019-index.htm,https://www.sec.gov/Archives/edgar/data/12927/000001292715000019/a201503mar3110q.htm
2014-12-31,BA,2015-02-12,2015-02-12 15:32:40,FY,24468000000,20695000000,3773000000,0.15420140591793363,-755000000,-1040000000,0,0,-1795000000,-20711000000,16000000,528000000,603000000,0.024644433545855812,75000000,0.003065228052967141,-14000000,1930000000,0.07887853522968775,-464000000,2394000000,0.09784207945071113,2.04,2.02,727600000,728900000,https://www.sec.gov/Archives/edgar/data/12927/000001292715000011/0000012927-15-000011-index.htm,https://www.sec.gov/Archives/edgar/data/12927/000001292715000011/a201412dec3110k.htm
2014-09-30,BA,2014-10-22,2014-10-22 12:26:34,Q3,23784000000,20057000000,3727000000,0.15670198452741338,-750000000,-932000000,0,0,-1682000000,-20075000000,18000000,478000000,570000000,0.0239656912209889,92000000,0.0038681466532122437,-9000000,2031000000,0.08539354187689203,-669000000,2700000000,0.11352169525731584,1.88,1.86,732000000,733300000,https://www.sec.gov/Archives/edgar/data/12927/000001292714000057/0000012927-14-000057-index.htm,https://www.sec.gov/Archives/edgar/data/12927/000001292714000057/a201409sep3010q.htm
2014-06-30,BA,2014-07-23,2014-07-23 12:34:48,Q2,22045000000,18653000000,3392000000,0.15386709004309368,-733000000,-918000000,0,0,-1651000000,-18670000000,17000000,452000000,513000000,0.023270582898616467,61000000,0.002767067362213654,11000000,1717000000,0.0778861419823089,-64000000,1781000000,0.08078929462463144,2.25,2.22,737000000,738300000,https://www.sec.gov/Archives/edgar/data/12927/000001292714000042/0000012927-14-000042-index.htm,https://www.sec.gov/Archives/edgar/data/12927/000001292714000042/a201406jun3010q.htm
2014-03-31,BA,2014-04-23,2014-04-23 14:23:14,Q1,20465000000,17278000000,3187000000,0.15572929391644272,-809000000,-877000000,0,0,-1686000000,-17296000000,18000000,448000000,507000000,0.02477400439775226,59000000,0.0028829709259711703,9000000,1459000000,0.07129245052528707,-494000000,1953000000,0.09543122404104569,1.3,1.28,743400000,745000000,https://www.sec.gov/Archives/edgar/data/12927/000001292714000022/0000012927-14-000022-index.htm,https://www.sec.gov/Archives/edgar/data/12927/000001292714000022/a201403mar3110q.htm
2013-12-31,BA,2014-02-14,2014-02-14 12:00:10,FY,23785000000,20368000000,3417000000,0.14366197183098592,-848000000,-1100000000,0,0,-1948000000,-20388000000,20000000,521000000,588000000,0.02472146310700021,67000000,0.0028169014084507044,15000000,1434000000,0.06029009880176582,-201000000,1635000000,0.06874080302711794,1.63,1.6,758900000,760800000,https://www.sec.gov/Archives/edgar/data/12927/000001292714000004/0000012927-14-000004-index.htm,https://www.sec.gov/Archives/edgar/data/12927/000001292714000004/a201312dec3110k.htm
2013-09-30,BA,2013-10-23,2013-10-23 14:07:39,Q3,22130000000,18656000000,3474000000,0.1569814731134207,-755000000,-956000000,0,0,-1711000000,-18674000000,18000000,458000000,517000000,0.023361952101220062,59000000,0.0026660641662901038,19000000,1727000000,0.0780388612742883,-567000000,2294000000,0.10366018978761862,1.52,1.51,760100000,762000000,https://www.sec.gov/Archives/edgar/data/12927/000001292713000041/0000012927-13-000041-index.htm,https://www.sec.gov/Archives/edgar/data/12927/000001292713000041/a201309sep3010q.htm
2013-06-30,BA,2013-07-24,2013-07-24 13:01:21,Q2,21815000000,18432000000,3383000000,0.15507678203071282,-763000000,-929000000,0,0,-1692000000,-18450000000,18000000,436000000,479000000,0.021957368782947514,43000000,0.0019711207884483156,13000000,1633000000,0.07485674994269997,-546000000,2179000000,0.09988539995415999,1.43,1.41,761200000,763200000,https://www.sec.gov/Archives/edgar/data/12927/000001292713000035/0000012927-13-000035-index.htm,https://www.sec.gov/Archives/edgar/data/12927/000001292713000035/a201306jun3010q.htm
2013-03-31,BA,2013-04-24,2013-04-24 15:24:57,Q1,18893000000,15737000000,3156000000,0.1670459958714868,-705000000,-971000000,0,0,-1676000000,-15756000000,19000000,429000000,474000000,0.025088657174614937,45000000,0.002381834541893823,9000000,1438000000,0.07611284602762929,-332000000,1770000000,0.09368549198115704,1.45,1.44,761200000,763300000,https://www.sec.gov/Archives/edgar/data/12927/000001292713000023/0000012927-13-000023-index.htm,https://www.sec.gov/Archives/edgar/data/12927/000001292713000023/a201303mar3110q.htm
2012-12-31,BA,2013-02-11,2013-02-11 12:50:46,FY,22302000000,19022000000,3280000000,0.14707201147879115,-753000000,-943000000,0,0,-1696000000,-19041000000,19000000,498000000,555000000,0.024885660478880817,57000000,0.0025558245897228946,23000000,1535000000,0.06882790781095866,-557000000,2092000000,0.09380324634561922,1.29,1.27,2300000,758000000,https://www.sec.gov/Archives/edgar/data/12927/000001292713000014/0000012927-13-000014-index.htm,https://www.sec.gov/Archives/edgar/data/12927/000001292713000014/a201212dec3110k.htm
2012-09-30,BA,2012-10-24,2012-10-24 14:18:20,Q3,20008000000,16772000000,3236000000,0.16173530587764895,-853000000,-916000000,0,0,-1769000000,-16794000000,22000000,465000000,585000000,0.029238304678128747,120000000,0.0059976009596161535,17000000,1466000000,0.07327069172331067,-432000000,1898000000,0.09486205517792883,1.35,1.35,756600000,762300000,https://www.sec.gov/Archives/edgar/data/12927/000001292712000024/0000012927-12-000024-index.htm,https://www.sec.gov/Archives/edgar/data/12927/000001292712000024/a0930201210-q.htm
2012-06-30,BA,2012-07-25,2012-07-25 13:22:22,Q2,20005000000,16721000000,3284000000,0.164158960259935,-857000000,-903000000,0,0,-1760000000,-16740000000,19000000,422000000,467000000,0.023344163959010247,45000000,0.0022494376405898524,10000000,1446000000,0.0722819295176206,-479000000,1925000000,0.09622594351412148,1.28,1.27,754200000,760700000,https://www.sec.gov/Archives/edgar/data/12927/000001292712000012/0000012927-12-000012-index.htm,https://www.sec.gov/Archives/edgar/data/12927/000001292712000012/a0630201210-q.htm
2012-03-31,BA,2012-04-25,2012-04-25 13:46:19,Q1,19383000000,16041000000,3342000000,0.17241913016560903,-835000000,-955000000,0,0,-1790000000,-16069000000,28000000,426000000,472000000,0.02435123561884125,46000000,0.0023732136408192747,12000000,1463000000,0.07547851209823041,-539000000,2002000000,0.10328638497652583,1.23,1.22,750200000,759600000,https://www.sec.gov/Archives/edgar/data/12927/000119312512181463/0001193125-12-181463-index.htm,https://www.sec.gov/Archives/edgar/data/12927/000119312512181463/d304990d10q.htm
2011-12-31,BA,2012-02-09,2012-02-09 12:37:00,FY,19555000000,16227000000,3328000000,0.17018665302991562,-913000000,-864000000,0,-29000000,-1777000000,-16261000000,34000000,382000000,458000000,0.023421119918179495,76000000,0.003886474047558169,-29000000,1444000000,0.07384300690360522,-57000000,1501000000,0.07675786243927385,1.87,1.85,744100000,753100000,https://www.sec.gov/Archives/edgar/data/12927/000119312512048565/0001193125-12-048565-index.htm,https://www.sec.gov/Archives/edgar/data/12927/000119312512048565/d255574d10k.htm
2011-09-30,BA,2011-10-26,2011-10-26 12:31:11,Q3,17727000000,14325000000,3402000000,0.19191064477915046,-901000000,-808000000,0,76000000,-1709000000,-14357000000,32000000,365000000,417000000,0.023523438822135725,52000000,0.0029333784622327524,49000000,1641000000,0.09257065493315282,-547000000,2188000000,0.12342753991087042,1.46,1.45,742900000,751800000,https://www.sec.gov/Archives/edgar/data/12927/000119312511281613/0001193125-11-281613-index.htm,https://www.sec.gov/Archives/edgar/data/12927/000119312511281613/d228887d10q.htm
2011-06-30,BA,2011-07-27,2011-07-27 12:37:42,Q2,16543000000,13171000000,3372000000,0.20383243668016685,-1047000000,-870000000,0,-13000000,-1917000000,-13200000000,29000000,379000000,467000000,0.028229462612585382,88000000,0.005319470470894034,14000000,1425000000,0.08613915251163634,-483000000,1908000000,0.11533579157347519,1.27,1.26,741700000,750800000,https://www.sec.gov/Archives/edgar/data/12927/000119312511198584/0001193125-11-198584-index.htm,https://www.sec.gov/Archives/edgar/data/12927/000119312511198584/d10q.htm
2011-03-31,BA,2011-04-27,2011-04-27 12:19:19,Q1,14910000000,12016000000,2894000000,0.19409792085848424,-1057000000,-866000000,0,13000000,-1923000000,-12049000000,33000000,331000000,393000000,0.02635814889336016,62000000,0.004158283031522468,13000000,883000000,0.05922199865861838,-295000000,1178000000,0.0790073775989269,0.79,0.78,740400000,749000000,https://www.sec.gov/Archives/edgar/data/12927/000119312511111215/0001193125-11-111215-index.htm,https://www.sec.gov/Archives/edgar/data/12927/000119312511111215/d10q.htm
2010-12-31,BA,2011-02-09,2011-02-09 11:31:43,FY,16550000000,13377000000,3173000000,0.19172205438066464,-1134000000,-977000000,0,32000000,-2111000000,-13413000000,36000000,409000000,489000000,0.029546827794561935,80000000,0.004833836858006042,32000000,1003000000,0.06060422960725075,163000000,840000000,0.05075528700906345,1.58,1.56,735000000,744300000,https://www.sec.gov/Archives/edgar/data/12927/000119312511028490/0001193125-11-028490-index.htm,https://www.sec.gov/Archives/edgar/data/12927/000119312511028490/d10k.htm
2010-09-30,BA,2010-10-20,2010-10-20 12:46:10,Q3,16967000000,13704000000,3263000000,0.19231449283904048,-986000000,-936000000,0,20000000,-1922000000,-13746000000,42000000,358000000,432000000,0.02546118936759592,74000000,0.00436140743796782,-13000000,1244000000,0.0733187953085401,-407000000,1651000000,0.09730653621736311,1.13,1.13,733800000,743000000,https://www.sec.gov/Archives/edgar/data/12927/000119312510232425/0001193125-10-232425-index.htm,https://www.sec.gov/Archives/edgar/data/12927/000119312510232425/d10q.htm
2010-06-30,BA,2010-07-28,2010-07-28 13:12:54,Q2,15573000000,12499000000,3074000000,0.1973929236499069,-1001000000,-778000000,0,2000000,-1779000000,-12540000000,41000000,393000000,447000000,0.028703525332305913,54000000,0.003467539973030245,33000000,1210000000,0.07769858087715918,-421000000,1631000000,0.10473254992615424,1.07,1.06,732600000,741900000,https://www.sec.gov/Archives/edgar/data/12927/000119312510168724/0001193125-10-168724-index.htm,https://www.sec.gov/Archives/edgar/data/12927/000119312510168724/d10q.htm
2010-03-31,BA,2010-04-21,2010-04-21 12:36:16,Q1,15216000000,12103000000,3113000000,0.20458727655099895,-1000000000,-953000000,0,-2000000,-1953000000,-12144000000,41000000,350000000,409000000,0.026879600420609884,59000000,0.003877497371188223,0,1050000000,0.06900630914826499,-531000000,1581000000,0.103903785488959,0.71,0.7,732600000,740100000,https://www.sec.gov/Archives/edgar/data/12927/000119312510088623/0001193125-10-088623-index.htm,https://www.sec.gov/Archives/edgar/data/12927/000119312510088623/d10q.htm
2009-12-31,BA,2010-02-08,2010-02-08 16:28:55,FY,17937000000,14465000000,3472000000,0.19356637118804706,-1002000000,-780000000,0,-26000000,-1782000000,-14508000000,43000000,412000000,475000000,0.026481574399286393,63000000,0.0035122930255895636,-33000000,1550000000,0.08641355856609244,-267000000,1817000000,0.10129899091263868,1.89,1.89,732600000,740100000,https://www.sec.gov/Archives/edgar/data/12927/000119312510024406/0001193125-10-024406-index.htm,https://www.sec.gov/Archives/edgar/data/12927/000119312510024406/d10k.htm
2009-09-30,BA,2009-10-21,2009-10-21 12:41:43,Q3,16688000000,14438000000,2250000000,0.13482742090124641,-3574000000,-868000000,0,0,-4442000000,-14480000000,42000000,381000000,465000000,0.027864333652924258,84000000,0.0050335570469798654,-4000000,-2247000000,-0.13464765100671142,687000000,-2934000000,-0.1758149568552253,0.08,0.08,732600000,740100000,https://www.sec.gov/Archives/edgar/data/12927/000119312509210918/0001193125-09-210918-index.htm,https://www.sec.gov/Archives/edgar/data/12927/000119312509210918/d10q.htm
2009-06-30,BA,2009-07-22,2009-07-22 12:32:52,Q2,17154000000,13764000000,3390000000,0.19762154599510318,-960000000,-925000000,0,0,-1885000000,-13807000000,43000000,331000000,401000000,0.023376471959892738,70000000,0.004080680890754343,47000000,1496000000,0.08720998017954996,-499000000,1995000000,0.11629940538649877,2.29,2.29,732600000,740100000,https://www.sec.gov/Archives/edgar/data/12927/000119312509152905/0001193125-09-152905-index.htm,https://www.sec.gov/Archives/edgar/data/12927/000119312509152905/d10q.htm
2009-03-31,BA,2009-04-22,2009-04-22 12:28:41,Q1,16502000000,13698000000,2804000000,0.1699187977214883,-970000000,-791000000,0,0,-1761000000,-13745000000,47000000,335000000,367000000,0.022239728517755422,32000000,0.0019391588898315356,-36000000,932000000,0.05647800266634347,-317000000,1249000000,0.07568779541873712,0.88,0.88,707000000,707000000,https://www.sec.gov/Archives/edgar/data/12927/000119312509084313/0001193125-09-084313-index.htm,https://www.sec.gov/Archives/edgar/data/12927/000119312509084313/d10q.htm
2008-12-31,BA,2009-02-09,2009-02-09 17:10:11,FY,12664000000,11214000000,1450000000,0.11449778900821225,-957000000,-734000000,0,0,-1691000000,-11264000000,50000000,373000000,419000000,0.03308591282375237,46000000,0.0036323436512950094,-10000000,-310000000,-0.024478837650031584,224000000,-534000000,-0.042166771951989895,3.68,3.68,734000000,734000000,https://www.sec.gov/Archives/edgar/data/12927/000119312509022654/0001193125-09-022654-index.htm,https://www.sec.gov/Archives/edgar/data/12927/000119312509022654/d10k.htm
2008-09-30,BA,2008-10-22,2008-10-22 12:23:57,Q3,15293000000,12487000000,2806000000,0.1834826391159354,-937000000,-740000000,0,0,-1677000000,-12541000000,54000000,309000000,381000000,0.02491335905316158,72000000,0.004708036356502975,55000000,1153000000,0.07539397109788792,-470000000,1623000000,0.1061269862028379,3.78,3.78,734000000,734000000,https://www.sec.gov/Archives/edgar/data/12927/000119312508214169/0001193125-08-214169-index.htm,https://www.sec.gov/Archives/edgar/data/12927/000119312508214169/d10q.htm
2008-06-30,BA,2008-07-23,2008-07-23 13:34:18,Q2,16962000000,13885000000,3077000000,0.1814054946350666,-1005000000,-835000000,0,0,-1840000000,-13942000000,57000000,321000000,386000000,0.022756750383209526,65000000,0.003832095271783988,102000000,1299000000,0.07658295012380616,-448000000,1747000000,0.10299492984317887,2.82,2.82,740000000,740000000,https://www.sec.gov/Archives/edgar/data/12927/000119312508156077/0001193125-08-156077-index.htm,https://www.sec.gov/Archives/edgar/data/12927/000119312508156077/d10q.htm
2008-03-31,BA,2008-04-23,2008-04-23 13:26:28,Q1,15990000000,12543000000,3447000000,0.21557223264540337,-869000000,-775000000,0,0,-1644000000,-12605000000,62000000,322000000,380000000,0.023764853033145718,58000000,0.0036272670419011882,100000000,1853000000,0.11588492808005003,-647000000,2500000000,0.15634771732332708,1.63,1.63,747000000,747000000,https://www.sec.gov/Archives/edgar/data/12927/000119312508087722/0001193125-08-087722-index.htm,https://www.sec.gov/Archives/edgar/data/12927/000119312508087722/d10q.htm
2007-12-31,BA,2008-02-15,2008-02-15 13:37:09,FY,17477000000,14250000000,3227000000,0.18464267322767064,-993000000,-796000000,0,0,-1789000000,-14320000000,70000000,359000000,447000000,0.02557647193454254,88000000,0.005035189105681753,129000000,1588000000,0.090862276134348,-561000000,2149000000,0.12296160668306917,5.36,5.36,776000000,776000000,https://www.sec.gov/Archives/edgar/data/12927/000119312508032328/0001193125-08-032328-index.htm,https://www.sec.gov/Archives/edgar/data/12927/000119312508032328/d10k.htm
2007-09-30,BA,2007-10-24,2007-10-24 13:59:23,Q3,16517000000,13134000000,3383000000,0.20481927710843373,-869000000,-931000000,0,0,-1800000000,-13207000000,73000000,299000000,310000000,0.018768541502694195,11000000,0.0006659805049343101,139000000,1591000000,0.09632499848640794,-482000000,2073000000,0.12550705333898407,3.98,3.98,776000000,776000000,https://www.sec.gov/Archives/edgar/data/12927/000119312507224585/0001193125-07-224585-index.htm,https://www.sec.gov/Archives/edgar/data/12927/000119312507224585/d10q.htm
2007-06-30,BA,2007-07-25,2007-07-25 12:40:24,Q2,17028000000,13536000000,3492000000,0.20507399577167018,-989000000,-976000000,0,0,-1965000000,-13609000000,73000000,357000000,407000000,0.023901808785529714,50000000,0.002936340145642471,125000000,1585000000,0.09308198261686634,-536000000,2121000000,0.12455954897815363,2.52,2.52,777000000,777000000,https://www.sec.gov/Archives/edgar/data/12927/000119312507161475/0001193125-07-161475-index.htm,https://www.sec.gov/Archives/edgar/data/12927/000119312507161475/d10q.htm
2007-03-31,BA,2007-04-25,2007-04-25 12:09:44,Q1,15365000000,12187000000,3178000000,0.20683371298405467,-999000000,-828000000,0,0,-1827000000,-12266000000,79000000,319000000,358000000,0.023299707126586397,39000000,0.002538236251220306,91000000,1354000000,0.08812235600390497,-481000000,1835000000,0.11942726976895542,1.14,1.14,777000000,777000000,https://www.sec.gov/Archives/edgar/data/12927/000119312507089827/0001193125-07-089827-index.htm,https://www.sec.gov/Archives/edgar/data/12927/000119312507089827/d10q.htm
2006-12-31,BA,2007-02-16,2007-02-16 14:11:00,FY,17541000000,14365000000,3176000000,0.18106151302662335,-937000000,-1094000000,0,0,-2031000000,-14451000000,86000000,388000000,439000000,0.025027079413944473,51000000,0.0029074739182486744,124000000,1239000000,0.07063451342568838,-259000000,1498000000,0.08539992018699048,2.88,2.88,789000000,789000000,https://www.sec.gov/Archives/edgar/data/12927/000119312507033902/0001193125-07-033902-index.htm,https://www.sec.gov/Archives/edgar/data/12927/000119312507033902/d10k.htm
2006-09-30,BA,2006-10-25,2006-10-25 13:30:45,Q3,14739000000,11803000000,2936000000,0.19919940294456884,-833000000,-834000000,0,0,-1667000000,-11891000000,88000000,343000000,385000000,0.026121175113644073,42000000,0.0028495827396702628,104000000,988000000,0.06703304159033856,-294000000,1282000000,0.0869801207680304,1.6,1.6,789000000,789000000,https://www.sec.gov/Archives/edgar/data/12927/000119312506214506/0001193125-06-214506-index.htm,https://www.sec.gov/Archives/edgar/data/12927/000119312506214506/d10q.htm
2006-06-30,BA,2006-07-26,2006-07-26 14:07:23,Q2,14986000000,12512000000,2474000000,0.16508741492059256,-739000000,-1162000000,0,-86000000,-1901000000,-12601000000,89000000,364000000,397000000,0.02649139196583478,33000000,0.00220205525156813,106000000,-9000000,-0.0006005605231549446,-151000000,142000000,0.009475510476444682,0.7,0.7,792000000,792000000,https://www.sec.gov/Archives/edgar/data/12927/000119312506153564/0001193125-06-153564-index.htm,https://www.sec.gov/Archives/edgar/data/12927/000119312506153564/d10q.htm
2006-03-31,BA,2006-04-26,2006-04-26 15:30:34,Q1,14264000000,11404000000,2860000000,0.20050476724621424,-748000000,-1081000000,0,86000000,-1829000000,-11494000000,90000000,350000000,370000000,0.02593942793045429,20000000,0.0014021312394840158,86000000,976000000,0.06842400448681997,-284000000,1260000000,0.08833426808749299,0.9,0.9,791000000,791000000,https://www.sec.gov/Archives/edgar/data/12927/000119312506089258/0001193125-06-089258-index.htm,https://www.sec.gov/Archives/edgar/data/12927/000119312506089258/d10q.htm
2005-12-31,BA,2006-02-28,2006-02-28 12:47:43,FY,14204000000,12076000000,2128000000,0.1498169529709941,-601000000,-939000000,0,0,-1540000000,-12169000000,93000000,351000000,371000000,0.026119402985074626,20000000,0.0014080540692762602,117000000,608000000,0.04280484370599831,-144000000,752000000,0.05294283300478738,3.26,3.26,806000000,806000000,https://www.sec.gov/Archives/edgar/data/12927/000119312506040952/0001193125-06-040952-index.htm,https://www.sec.gov/Archives/edgar/data/12927/000119312506040952/d10k.htm
2005-09-30,BA,2005-10-26,2005-10-26 15:41:58,Q3,12626000000,10693000000,1933000000,0.1530967844131158,-521000000,-1161000000,0,0,-1682000000,-10780000000,87000000,350000000,374000000,0.02962141612545541,24000000,0.0019008395374623792,119000000,820000000,0.06494535086329796,198000000,622000000,0.04926342467923333,2.65,2.65,806000000,806000000,https://www.sec.gov/Archives/edgar/data/12927/000119312505208763/0001193125-05-208763-index.htm,https://www.sec.gov/Archives/edgar/data/12927/000119312505208763/d10q.htm
2005-06-30,BA,2005-07-27,2005-07-27 15:16:23,Q2,15028000000,12391000000,2637000000,0.17547245142400852,-591000000,-1057000000,0,16000000,-1648000000,-12481000000,90000000,379000000,407000000,0.02708277881288262,28000000,0.0018631887143997872,81000000,807000000,0.05369976044716529,-241000000,1048000000,0.0697364918818206,1.36,1.36,807000000,807000000,https://www.sec.gov/Archives/edgar/data/12927/000119312505149899/0001193125-05-149899-index.htm,https://www.sec.gov/Archives/edgar/data/12927/000119312505149899/d10q.htm
2005-03-31,BA,2005-04-27,2005-04-27 17:16:26,Q1,12987000000,10689000000,2298000000,0.17694617694617695,-492000000,-1071000000,0,-16000000,-1563000000,-10778000000,89000000,332000000,348000000,0.026796026796026797,16000000,0.001232001232001232,-16000000,584000000,0.04496804496804497,-70000000,654000000,0.050358050358050355,0.65,0.65,806000000,806000000,https://www.sec.gov/Archives/edgar/data/12927/000119312505086964/0001193125-05-086964-index.htm,https://www.sec.gov/Archives/edgar/data/12927/000119312505086964/d10q.htm
2004-12-31,BA,2005-02-28,2005-02-28 16:07:20,FY,13314000000,11925000000,1389000000,0.10432627309598919,-414000000,-772000000,0,-242000000,-1186000000,-74001000000,88000000,478000000,502000000,0.037704671774072405,24000000,0.0018026137899954935,46000000,-9000000,-0.0006759801712483101,191000000,-200000000,-0.01502178158329578,-0.576,-0.576,5122494432,5122494432,https://www.sec.gov/Archives/edgar/data/12927/000119312505038602/0001193125-05-038602-index.htm,https://www.sec.gov/Archives/edgar/data/12927/000119312505038602/d10k.htm
2004-09-30,BA,2004-10-27,2004-10-27 16:24:19,Q3,13152000000,11164000000,1988000000,0.15115571776155717,-469000000,-781000000,0,17000000,-1250000000,9914000000,89000000,300000000,327000000,0.024863138686131388,27000000,0.002052919708029197,17000000,445000000,0.03383515815085158,-7000000,452000000,0.034367396593673966,-0.449,-0.449,6530035335,6530035335,https://www.sec.gov/Archives/edgar/data/12927/000119312504179383/0001193125-04-179383-index.htm,https://www.sec.gov/Archives/edgar/data/12927/000119312504179383/d10q.htm
2004-06-30,BA,2004-07-28,2004-07-28 17:28:05,Q2,13032000000,10858000000,2174000000,0.16682013505217924,-522000000,-818000000,0,66000000,-1340000000,9518000000,70000000,307000000,334000000,0.025629220380601597,27000000,0.0020718232044198894,66000000,611000000,0.046884591774094535,-34000000,645000000,0.04949355432780847,-0.283,-0.283,10109243697,10109243697,https://www.sec.gov/Archives/edgar/data/12927/000119312504126399/0001193125-04-126399-index.htm,https://www.sec.gov/Archives/edgar/data/12927/000119312504126399/d10q.htm
2004-03-31,BA,2004-04-28,2004-04-28 17:24:59,Q1,12959000000,10728000000,2231000000,0.17215834555135426,-474000000,-710000000,0,159000000,-1184000000,9544000000,103000000,327000000,340000000,0.026236592329655067,13000000,0.0010031638243691644,159000000,913000000,0.07045296704992669,-290000000,1203000000,0.0928312369781619,-0.119,-0.119,837719298,837719298,https://www.sec.gov/Archives/edgar/data/12927/000119312504072412/0001193125-04-072412-index.htm,https://www.sec.gov/Archives/edgar/data/12927/000119312504072412/d10q.htm
2003-12-31,BA,2004-03-05,2004-03-04 18:05:16,FY,13198000000,11227000000,1971000000,0.1493408092135172,-439000000,-627000000,0,429000000,-1066000000,10161000000,110000000,344000000,339000000,0.02568570995605395,-5000000,-0.00037884527958781633,429000000,1021000000,0.0773602060918321,111000000,910000000,0.06894984088498257,-0.456,-0.456,1517241379,1517241379,https://www.sec.gov/Archives/edgar/data/12927/000119312504034751/0001193125-04-034751-index.htm,https://www.sec.gov/Archives/edgar/data/12927/000119312504034751/d10k.htm
2003-09-30,BA,2003-10-29,2003-10-29 17:24:06,Q3,12242000000,10451000000,1791000000,0.1462996242444045,-414000000,-738000000,0,1000000,-1152000000,9299000000,110000000,274000000,292000000,0.02385231171377226,18000000,0.0014703479823558242,1000000,351000000,0.028671785655938573,-95000000,446000000,0.03643195556281653,-0.348,-0.348,4180257510,4180257510,https://www.sec.gov/Archives/edgar/data/12927/000119312503069438/0001193125-03-069438-index.htm,https://www.sec.gov/Archives/edgar/data/12927/000119312503069438/d10q.htm
2003-07-30,BA,2003-08-04,2003-08-04 16:07:56,Q2,12785000000,11646000000,1139000000,0.08908877590926867,-437000000,-791000000,0,10000000,-1228000000,10418000000,111000000,395000000,404000000,0.03159953070003911,9000000,0.0007039499413375048,10000000,-375000000,-0.02933124755572937,183000000,-558000000,-0.0436448963629253,-0.233,-0.233,3649122807,3649122807,https://www.sec.gov/Archives/edgar/data/12927/000119312503028503/0001193125-03-028503-index.htm,https://www.sec.gov/Archives/edgar/data/12927/000119312503028503/d10q.htm
2003-03-31,BA,2003-05-05,2003-05-05 17:33:17,Q1,12260000000,10538000000,1722000000,0.14045676998368678,-361000000,-612000000,0,19000000,-973000000,9565000000,111000000,343000000,349000000,0.028466557911908646,6000000,0.0004893964110929853,19000000,-447000000,-0.036460032626427406,-31000000,-416000000,-0.033931484502446985,-0.114,-0.114,7114093959,7114093959,https://www.sec.gov/Archives/edgar/data/12927/000095013103002606/0000950131-03-002606-index.htm,https://www.sec.gov/Archives/edgar/data/12927/000095013103002606/d10q.htm
2002-12-31,BA,2003-02-27,2003-02-27 17:09:45,FY,13701000000,11371000000,2330000000,0.17006057951974307,424000000,626000000,0,4000000,1050000000,12421000000,194000000,470000000,-2487000000,-0.18151959710970003,-2957000000,-0.2158236625063864,4000000,849000000,0.06196627983358879,0,849000000,0.06196627983358879,0.447,0.447,7000000000,7000000000,https://www.sec.gov/Archives/edgar/data/12927/000001292703000005/0000012927-03-000005-index.htm,https://www.sec.gov/Archives/edgar/data/12927/000001292703000005/boeing10k_123102.htm
2002-09-30,BA,2002-11-06,2002-11-06 17:14:40,Q3,12690000000,11025000000,1665000000,0.13120567375886524,371000000,615000000,0,38000000,986000000,12011000000,185000000,341000000,903000000,0.07115839243498819,562000000,0.044286840031520884,-2000000,375000000,0.02955082742316785,0,375000000,0.02955082742316785,0.333,0.333,8890909090,8890909090,https://www.sec.gov/Archives/edgar/data/12927/000001292702000019/0000012927-02-000019-index.htm,https://www.sec.gov/Archives/edgar/data/12927/000001292702000019/boeing10q_3q02.htm
