date,symbol,fillingDate,acceptedDate,period,revenue,costOfRevenue,grossProfit,grossProfitRatio,researchAndDevelopmentExpenses,generalAndAdministrativeExpenses,sellingAndMarketingExpenses,otherExpenses,operatingExpenses,costAndExpenses,interestExpense,depreciationAndAmortization,ebitda,ebitdaratio,operatingIncome,operatingIncomeRatio,totalOtherIncomeExpensesNet,incomeBeforeTax,incomeBeforeTaxRatio,incomeTaxExpense,netIncome,netIncomeRatio,eps,epsdiluted,weightedAverageShsOut,weightedAverageShsOutDil,link,finalLink
2019-12-31,BK,2020-02-27,2020-02-27 06:53:38,FY,815000000,0.0,815000000,1.0,0.0,1639000000,0.0,0.0,1667000000,1667000000,906000000,344000000,1784000000,2.18895705521,1440000000,1.76687116564,938000000,1822000000,2.23558282209,373000000,1440000000,1.76687116564,1.51,1.5,939623000,943109000,https://www.sec.gov/Archives/edgar/data/1390777/000139077720000044/0001390777-20-000044-index.htm,https://www.sec.gov/Archives/edgar/data/1390777/000139077720000044/form10-k4q19.htm
2019-09-30,BK,2019-11-07,2019-11-07 06:53:39,Q3,730000000,0.0,730000000,1.0,0.0,1479000000,0.0,0.0,1509000000,1509000000,1212000000,336000000,1374000000,1.88219178082,1038000000,1.42191780822,30000000,1287000000,1.76301369863,246000000,1038000000,1.42191780822,1.07,1.06,949035000,951876000,https://www.sec.gov/Archives/edgar/data/1390777/000139077719000104/0001390777-19-000104-index.htm,https://www.sec.gov/Archives/edgar/data/1390777/000139077719000104/form10-q3q19.htm
2019-06-30,BK,2019-08-07,2019-08-07 06:40:18,Q2,802000000,0.0,802000000,1.0,0.0,1421000000,0.0,0.0,1451000000,1451000000,1163000000,333000000,1350000000,1.68329177057,1017000000,1.2680798005,43000000,1285000000,1.60224438903,264000000,1017000000,1.2680798005,1.01,1.01,956887000,959957000,https://www.sec.gov/Archives/edgar/data/1390777/000139077719000080/0001390777-19-000080-index.htm,https://www.sec.gov/Archives/edgar/data/1390777/000139077719000080/form10-q2q19.htm
2019-03-31,BK,2019-05-08,2019-05-08 06:39:09,Q1,841000000,0.0,841000000,1.0,0.0,1524000000,0.0,0.0,1553000000,1553000000,1079000000,302000000,1248000000,1.48394768133,946000000,1.12485136742,35000000,1193000000,1.41854934602,237000000,946000000,1.12485136742,0.94,0.94,962397000,965960000,https://www.sec.gov/Archives/edgar/data/1390777/000139077719000063/0001390777-19-000063-index.htm,https://www.sec.gov/Archives/edgar/data/1390777/000139077719000063/form10-q1q19.htm
2018-12-31,BK,2019-02-27,2019-02-27 06:54:13,FY,885000000,0.0,885000000,1.0,0.0,1602000000,0.0,0.0,1637000000,1637000000,979000000,328000000,1209000000,1.36610169492,881000000,0.995480225989,199000000,1020000000,1.15254237288,150000000,881000000,0.995480225989,0.85,0.84,1002922000,1007141000,https://www.sec.gov/Archives/edgar/data/1390777/000139077719000050/0001390777-19-000050-index.htm,https://www.sec.gov/Archives/edgar/data/1390777/000139077719000050/form10-k_4q18.htm
2018-09-30,BK,2018-11-06,2018-11-06 07:05:59,Q3,891000000,0.0,891000000,1.0,0.0,1478000000,0.0,0.0,1526000000,1526000000,743000000,334000000,1445000000,1.62177328844,1111000000,1.24691358025,41000000,1334000000,1.49719416386,220000000,1111000000,1.24691358025,1.06,1.06,1008967000,1013242000,https://www.sec.gov/Archives/edgar/data/1390777/000139077718000129/0001390777-18-000129-index.htm,https://www.sec.gov/Archives/edgar/data/1390777/000139077718000129/form10-q_3q18.htm
2018-06-30,BK,2018-08-03,2018-08-03 06:46:41,Q2,916000000,0.0,916000000,1.0,0.0,1489000000,0.0,0.0,1537000000,1537000000,637000000,342000000,1445000000,1.57751091703,1103000000,1.20414847162,70000000,1394000000,1.52183406114,286000000,1103000000,1.20414847162,1.04,1.04,1013507000,1018020000,https://www.sec.gov/Archives/edgar/data/1390777/000139077718000113/0001390777-18-000113-index.htm,https://www.sec.gov/Archives/edgar/data/1390777/000139077718000113/form10-q_2q18.htm
2018-03-31,BK,2018-05-08,2018-05-08 07:17:25,Q1,919000000,0.0,919000000,1.0,0.0,1576000000,0.0,0.0,1625000000,1625000000,462000000,335000000,1506000000,1.63873775843,1171000000,1.27421109902,82000000,1444000000,1.57127312296,282000000,1171000000,1.27421109902,1.11,1.1,1016797000,1021731000,https://www.sec.gov/Archives/edgar/data/1390777/000139077718000083/0001390777-18-000083-index.htm,https://www.sec.gov/Archives/edgar/data/1390777/000139077718000083/form10-q_1q18.htm
2017-12-31,BK,2018-02-28,2018-02-28 06:30:17,FY,851000000,0.0,851000000,1.0,0.0,1614000000,0.0,0.0,1666000000,1666000000,368000000,430000000,1605000000,1.88601645123,1175000000,1.38072855464,1000000.0,728000000,0.855464159812,148000000,1175000000,1.38072855464,1.08,1.08,1034281000,1040290000,https://www.sec.gov/Archives/edgar/data/1390777/000139077718000069/0001390777-18-000069-index.htm,https://www.sec.gov/Archives/edgar/data/1390777/000139077718000069/form10-k_4q17.htm
2017-09-30,BK,2017-11-07,2017-11-07 06:50:39,Q3,839000000,0.0,839000000,1.0,0.0,1469000000,0.0,0.0,1521000000,1521000000,312000000,351000000,1369000000,1.63170441001,1018000000,1.21334922527,63000000,1368000000,1.6305125149,348000000,1018000000,1.21334922527,0.95,0.94,1037431000,1043585000,https://www.sec.gov/Archives/edgar/data/1390777/000139077717000106/0001390777-17-000106-index.htm,https://www.sec.gov/Archives/edgar/data/1390777/000139077717000106/bk3q201710-q.htm
2017-06-30,BK,2017-08-03,2017-08-03 16:21:23,Q2,826000000,0.0,826000000,1.0,0.0,1417000000,0.0,0.0,1470000000,1470000000,226000000,346000000,1321000000,1.59927360775,975000000,1.1803874092,122000000,1308000000,1.58353510896,332000000,975000000,1.1803874092,0.88,0.87,1038479000,1044809000,https://www.sec.gov/Archives/edgar/data/1390777/000139077717000095/0001390777-17-000095-index.htm,https://www.sec.gov/Archives/edgar/data/1390777/000139077717000095/bk2q201710-q.htm
2017-03-31,BK,2017-05-08,2017-05-08 16:26:52,Q1,792000000,0.0,792000000,1.0,0.0,1472000000,0.0,0.0,1524000000,1524000000,168000000,347000000,1269000000,1.60227272727,922000000,1.16414141414,77000000,1206000000,1.52272727273,269000000,922000000,1.16414141414,0.83,0.83,1041158000,1047746000,https://www.sec.gov/Archives/edgar/data/1390777/000139077717000076/0001390777-17-000076-index.htm,https://www.sec.gov/Archives/edgar/data/1390777/000139077717000076/bk1q201710-q.htm
2016-12-31,BK,2017-02-28,2017-02-28 07:59:07,FY,831000000,0.0,831000000,1.0,0.0,1395000000,0.0,0.0,1455000000,1455000000,97000000,384000000,1254000000,1.50902527076,870000000,1.04693140794,249000000,1152000000,1.38628158845,280000000,870000000,1.04693140794,0.77,0.77,1066286000,1072013000,https://www.sec.gov/Archives/edgar/data/1390777/000139077717000065/0001390777-17-000065-index.htm,https://www.sec.gov/Archives/edgar/data/1390777/000139077717000065/bk201610-k_4q16.htm
2016-09-30,BK,2016-11-08,2016-11-08 06:45:20,Q3,774000000,0.0,774000000,1.0,0.0,1467000000,0.0,0.0,1528000000,1528000000,100000000,370000000,1357000000,1.75322997416,987000000,1.27519379845,92000000,1317000000,1.7015503876,324000000,987000000,1.27519379845,0.9,0.9,1071457000,1077150000,https://www.sec.gov/Archives/edgar/data/1390777/000139077716000255/0001390777-16-000255-index.htm,https://www.sec.gov/Archives/edgar/data/1390777/000139077716000255/bk3q201610-q.htm
2016-06-30,BK,2016-08-08,2016-08-08 16:35:44,Q2,767000000,0.0,767000000,1.0,0.0,2871000000,0.0,0.0,2930000000,2930000000,123000000,384000000,1257000000,1.63885267275,873000000,1.13820078227,74000000,1165000000,1.51890482399,290000000,873000000,1.13820078227,0.76,0.75,1076112000,1081847000,https://www.sec.gov/Archives/edgar/data/1390777/000139077716000246/0001390777-16-000246-index.htm,https://www.sec.gov/Archives/edgar/data/1390777/000139077716000246/bk2q201610-q.htm
2016-03-31,BK,2016-05-10,2016-05-10 16:08:18,Q1,766000000,0.0,766000000,1.0,0.0,0.0,0.0,0.0,57000000,57000000,117000000,364000000,1181000000,1.54177545692,817000000,1.06657963446,105000000,1091000000,1.42428198433,283000000,817000000,1.06657963446,0.73,0.73,1079641000,1085284000,https://www.sec.gov/Archives/edgar/data/1390777/000139077716000226/0001390777-16-000226-index.htm,https://www.sec.gov/Archives/edgar/data/1390777/000139077716000226/bk1q201610-q.htm
2015-12-31,BK,2016-02-26,2016-02-26 08:20:50,FY,760000000,0.0,760000000,1.0,0.0,1481000000,0.0,0.0,1545000000,1545000000,74000000,373000000,1066000000,1.40263157895,693000000,0.911842105263,257000000,871000000,1.14605263158,175000000,693000000,0.911842105263,0.58,0.58,1104719000,1112511000,https://www.sec.gov/Archives/edgar/data/1390777/000139077716000204/0001390777-16-000204-index.htm,https://www.sec.gov/Archives/edgar/data/1390777/000139077716000204/bk201510-k_4q15.htm
2015-09-30,BK,2015-11-06,2015-11-06 16:20:02,Q3,759000000,0.0,759000000,1.0,0.0,1437000000,0.0,0.0,1503000000,1503000000,79000000,376000000,1209000000,1.59288537549,833000000,1.09749670619,59000000,1109000000,1.46113306983,282000000,833000000,1.09749670619,0.74,0.73,1110056000,1117975000,https://www.sec.gov/Archives/edgar/data/1390777/000139077715000132/0001390777-15-000132-index.htm,https://www.sec.gov/Archives/edgar/data/1390777/000139077715000132/bk3q201510-q.htm
2015-06-30,BK,2015-08-07,2015-08-07 08:43:58,Q2,779000000,0.0,779000000,1.0,0.0,1434000000,0.0,0.0,1499000000,1499000000,68000000,368000000,1221000000,1.56739409499,853000000,1.09499358151,104000000,1106000000,1.41976893453,276000000,853000000,1.09499358151,0.74,0.73,1116183000,1124154000,https://www.sec.gov/Archives/edgar/data/1390777/000139077715000107/0001390777-15-000107-index.htm,https://www.sec.gov/Archives/edgar/data/1390777/000139077715000107/bkq2201510-q.htm
2015-03-31,BK,2015-05-08,2015-05-08 16:16:04,Q1,728000000,0.0,728000000,1.0,0.0,1485000000,0.0,0.0,1551000000,1551000000,79000000,340000000,1119000000,1.53708791209,779000000,1.07005494505,63000000,1149000000,1.5782967033,280000000,779000000,1.07005494505,0.67,0.67,1118602000,1126306000,https://www.sec.gov/Archives/edgar/data/1390777/000139077715000085/0001390777-15-000085-index.htm,https://www.sec.gov/Archives/edgar/data/1390777/000139077715000085/bkq1201510-q.htm
2014-12-31,BK,2015-02-27,2015-02-27 16:38:15,FY,712000000,0.0,712000000,1.0,0.0,1418000000,0.0,0.0,1491000000,1491000000,90000000,316000000,549000000,0.77106741573,233000000,0.327247191011,322000000,164000000,0.230337078652,356000000,233000000,0.327247191011,0.19,0.18,1129897000,1137480000,https://www.sec.gov/Archives/edgar/data/1390777/000162828015001194/0001628280-15-001194-index.htm,https://www.sec.gov/Archives/edgar/data/1390777/000162828015001194/bk201410-k.htm
2014-09-30,BK,2014-11-07,2014-11-07 16:38:54,Q3,721000000,0.0,721000000,1.0,0.0,1477000000,0.0,0.0,1552000000,1552000000,88000000,330000000,1413000000,1.95977808599,1083000000,1.50208044383,890000000,1662000000,2.30513176144,556000000,1083000000,1.50208044383,0.93,0.93,1133006000,1139718000,https://www.sec.gov/Archives/edgar/data/1390777/000144530514004959/0001445305-14-004959-index.htm,https://www.sec.gov/Archives/edgar/data/1390777/000144530514004959/bkq3201410-q.htm
2014-06-30,BK,2014-08-11,2014-08-11 13:39:40,Q2,719000000,0.0,719000000,1.0,0.0,1439000000,0.0,0.0,1514000000,1514000000,92000000,313000000,890000000,1.23783031989,577000000,0.802503477051,142000000,811000000,1.12795549374,217000000,577000000,0.802503477051,0.48,0.47,1136086000,1141948000,https://www.sec.gov/Archives/edgar/data/1390777/000144530514003583/0001445305-14-003583-index.htm,https://www.sec.gov/Archives/edgar/data/1390777/000144530514003583/bkq2201410-q.htm
2014-03-31,BK,2014-05-09,2014-05-09 16:45:05,Q1,728000000,0.0,728000000,1.0,0.0,1511000000,0.0,0.0,1586000000,1586000000,84000000,333000000,1007000000,1.38324175824,674000000,0.925824175824,102000000,926000000,1.27197802198,232000000,674000000,0.925824175824,0.57,0.57,1138645000,1144510000,https://www.sec.gov/Archives/edgar/data/1390777/000144530514002075/0001445305-14-002075-index.htm,https://www.sec.gov/Archives/edgar/data/1390777/000144530514002075/bkq1201410-q.htm
2013-12-31,BK,2014-02-28,2014-02-28 16:14:28,FY,761000000,0.0,761000000,1.0,0.0,1522000000,0.0,0.0,1604000000,1604000000,85000000,338000000,877000000,1.15243101183,539000000,0.708278580815,281000000,711000000,0.934296977661,155000000,539000000,0.708278580815,0.44,0.44,1150689000,1154441000,https://www.sec.gov/Archives/edgar/data/1390777/000144530514000745/0001445305-14-000745-index.htm,https://www.sec.gov/Archives/edgar/data/1390777/000144530514000745/bk201310-k.htm
2013-09-30,BK,2013-11-08,2013-11-08 16:55:48,Q3,772000000,0.0,772000000,1.0,0.0,1516000000,0.0,0.0,1597000000,1597000000,83000000,345000000,1325000000,1.71632124352,980000000,1.26943005181,135000000,986000000,1.27720207254,-2000000.0,980000000,1.26943005181,0.83,0.82,1153327000,1156951000,https://www.sec.gov/Archives/edgar/data/1390777/000144530513002897/0001445305-13-002897-index.htm,https://www.sec.gov/Archives/edgar/data/1390777/000144530513002897/bkq3201310-q.htm
2013-06-30,BK,2013-08-08,2013-08-08 16:33:51,Q2,757000000,0.0,757000000,1.0,0.0,1509000000,0.0,0.0,1602000000,1602000000,79000000,373000000,1218000000,1.60898282695,845000000,1.11624834875,269000000,1206000000,1.59313077939,321000000,845000000,1.11624834875,0.71,0.71,1155667000,1159169000,https://www.sec.gov/Archives/edgar/data/1390777/000144530513002040/0001445305-13-002040-index.htm,https://www.sec.gov/Archives/edgar/data/1390777/000144530513002040/bkq2201310-q.htm
2013-03-31,BK,2013-05-09,2013-05-09 07:11:03,Q1,719000000,0.0,719000000,1.0,0.0,1472000000,0.0,0.0,1558000000,1558000000,96000000,333000000,80000000,0.111265646732,809000000,0.28445850914205345,72000000,809000000,1.12517385257,1046000000,-237000000,-0.08333333333333333,-0.23,-0.23,1158819000,1158819000,https://www.sec.gov/Archives/edgar/data/1390777/000144530513001220/0001445305-13-001220-index.htm,https://www.sec.gov/Archives/edgar/data/1390777/000144530513001220/bkq1201310-q.htm
2012-12-31,BK,2013-02-28,2013-02-28 16:48:10,FY,725000000,0.0,725000000,1.0,0.0,1457000000,0.0,0.0,1553000000,1553000000,118000000,335000000,970000000,1.33793103448,635000000,0.875862068966,303000000,853000000,1.17655172414,207000000,635000000,0.875862068966,0.53,0.52,1176485000,1178430000,https://www.sec.gov/Archives/edgar/data/1390777/000119312513084562/0001193125-13-084562-index.htm,https://www.sec.gov/Archives/edgar/data/1390777/000119312513084562/d448545d10k.htm
2012-09-30,BK,2012-11-08,2012-11-08 16:33:08,Q3,749000000,0.0,749000000,1.0,0.0,1436000000,0.0,0.0,1531000000,1531000000,128000000,313000000,1038000000,1.38584779706,725000000,0.967957276368,124000000,975000000,1.30173564753,225000000,725000000,0.967957276368,0.6,0.61,1181614000,1183309000,https://www.sec.gov/Archives/edgar/data/1390777/000119312512460557/0001193125-12-460557-index.htm,https://www.sec.gov/Archives/edgar/data/1390777/000119312512460557/d407090d10q.htm
2012-06-30,BK,2012-08-08,2012-08-08 16:32:27,Q2,734000000,0.0,734000000,1.0,0.0,1415000000,0.0,0.0,1512000000,1512000000,141000000,299000000,765000000,1.04223433243,466000000,0.634877384196,48000000,589000000,0.802452316076,93000000,466000000,0.634877384196,0.39,0.38,1187649000,1189264000,https://www.sec.gov/Archives/edgar/data/1390777/000119312512344134/0001193125-12-344134-index.htm,https://www.sec.gov/Archives/edgar/data/1390777/000119312512344134/d361650d10q.htm
2012-03-31,BK,2012-05-09,2012-05-09 16:32:08,Q1,765000000,0.0,765000000,1.0,0.0,1453000000,0.0,0.0,1549000000,1549000000,147000000,299000000,918000000,1.2,619000000,0.809150326797,0.0,885000000,1.1568627451,254000000,619000000,0.809150326797,0.52,0.52,1193931000,1195558000,https://www.sec.gov/Archives/edgar/data/1390777/000119312512222178/0001193125-12-222178-index.htm,https://www.sec.gov/Archives/edgar/data/1390777/000119312512222178/d325416d10q.htm
2011-12-31,BK,2012-02-28,2012-02-28 16:30:16,FY,780000000,0.0,780000000,1.0,0.0,1382000000,0.0,0.0,1488000000,1488000000,145000000,219000000,724000000,0.928205128205,505000000,0.647435897436,0.0,689000000,0.883333333333,211000000,505000000,0.647435897436,0.42,0.42,1220804000,1223026000,https://www.sec.gov/Archives/edgar/data/1390777/000119312512085349/0001193125-12-085349-index.htm,https://www.sec.gov/Archives/edgar/data/1390777/000119312512085349/d260593d10k.htm
2011-09-30,BK,2011-11-08,2011-11-08 16:33:04,Q3,775000000,0.0,775000000,1.0,0.0,1457000000,0.0,0.0,1563000000,1563000000,95000000,191000000,842000000,1.0864516129,651000000,0.84,0.0,945000000,1.21935483871,281000000,651000000,0.84,0.52,0.53,1226132000,1229042000,https://www.sec.gov/Archives/edgar/data/1390777/000119312511302242/0001193125-11-302242-index.htm,https://www.sec.gov/Archives/edgar/data/1390777/000119312511302242/d233067d10q.htm
2011-06-30,BK,2011-08-08,2011-08-08 16:34:53,Q2,731000000,0.0,731000000,1.0,0.0,1463000000,0.0,0.0,1571000000,1571000000,195000000,183000000,918000000,1.25581395349,735000000,1.00547195622,0.0,1034000000,1.41450068399,277000000,735000000,1.00547195622,0.59,0.58,1232232000,1236016000,https://www.sec.gov/Archives/edgar/data/1390777/000119312511214307/0001193125-11-214307-index.htm,https://www.sec.gov/Archives/edgar/data/1390777/000119312511214307/d10q.htm
2011-03-31,BK,2011-05-09,2011-05-09 16:32:37,Q1,698000000,0.0,698000000,1.0,0.0,1424000000,0.0,0.0,1532000000,1532000000,169000000,183000000,808000000,1.15759312321,625000000,0.895415472779,0.0,949000000,1.35959885387,279000000,625000000,0.895415472779,0.5,0.5,1234076000,1238284000,https://www.sec.gov/Archives/edgar/data/1390777/000119312511132389/0001193125-11-132389-index.htm,https://www.sec.gov/Archives/edgar/data/1390777/000119312511132389/d10q.htm
2010-12-31,BK,2011-02-28,2011-02-28 16:16:42,FY,720000000,0.0,720000000,1.0,0.0,1417000000,0.0,0.0,1532000000,1532000000,193000000,216000000,895000000,1.24305555556,679000000,0.943055555556,0.0,970000000,1.34722222222,265000000,679000000,0.943055555556,0.55,0.54,1212630000,1216214000,https://www.sec.gov/Archives/edgar/data/1390777/000119312511049932/0001193125-11-049932-index.htm,https://www.sec.gov/Archives/edgar/data/1390777/000119312511049932/d10k.htm
2010-09-30,BK,2010-11-08,2010-11-08 16:27:37,Q3,718000000,0.0,718000000,1.0,0.0,1344000000,0.0,0.0,1455000000,1455000000,157000000,156000000,778000000,1.08356545961,622000000,0.866295264624,0.0,834000000,1.16155988858,220000000,622000000,0.866295264624,0.51,0.51,1205911000,1209688000,https://www.sec.gov/Archives/edgar/data/1390777/000119312510252141/0001193125-10-252141-index.htm,https://www.sec.gov/Archives/edgar/data/1390777/000119312510252141/d10q.htm
2010-06-30,BK,2010-08-06,2010-08-06 16:09:12,Q2,722000000,0.0,722000000,1.0,0.0,1234000000,0.0,0.0,1332000000,1332000000,140000000,144000000,802000000,1.1108033241,658000000,0.91135734072,0.0,1006000000,1.39335180055,304000000,658000000,0.91135734072,0.54,0.54,1203554000,1207578000,https://www.sec.gov/Archives/edgar/data/1390777/000119312510181371/0001193125-10-181371-index.htm,https://www.sec.gov/Archives/edgar/data/1390777/000119312510181371/d10q.htm
2010-03-31,BK,2010-05-07,2010-05-07 16:29:55,Q1,765000000,0.0,765000000,1.0,0.0,1220000000,0.0,0.0,1317000000,1317000000,118000000,113000000,672000000,0.878431372549,559000000,0.730718954248,0.0,884000000,1.15555555556,258000000,559000000,0.730718954248,0.46,0.46,1202533000,1206286000,https://www.sec.gov/Archives/edgar/data/1390777/000119312510112944/0001193125-10-112944-index.htm,https://www.sec.gov/Archives/edgar/data/1390777/000119312510112944/d10q.htm
2009-12-31,BK,2010-02-26,2010-02-26 16:21:31,FY,0.0,0.0,0.0,0.0,0.0,0.0,0.0,0.0,0.0,0.0,0.0,13000000,-800000000,0.0,-813000000,0.0,0.0,0.0,0.0,0.0,0.0,0.0,0.0,0.0,0.0,0.0,https://www.sec.gov/Archives/edgar/data/1390777/000119312510042948/0001193125-10-042948-index.htm,https://www.sec.gov/Archives/edgar/data/1390777/000119312510042948/d10k.htm
2009-09-30,BK,2009-11-06,2009-11-06 16:21:23,Q3,2617000000,0.0,2617000000,1.0,0.0,0.0,0.0,0.0,0.0,0.0,-113000000,0.0,-2438000000,-0.9316010699273978,-2438000000,-0.9316010699273978,0.0,-3965000000,-1.515093618647306,-1527000000,-2457000000,-0.9388612915552159,0.0,0.0,0.0,0.0,https://www.sec.gov/Archives/edgar/data/1390777/000119312509227567/0001193125-09-227567-index.htm,https://www.sec.gov/Archives/edgar/data/1390777/000119312509227567/d10q.htm
2009-06-30,BK,2009-08-07,2009-08-07 16:48:41,Q2,2511000000,0.0,2511000000,1.0,0.0,0.0,0.0,0.0,0.0,0.0,-143000000,-152000000,390000000,0.15531660692951016,542000000,0.21585025886101156,0.0,577000000,0.22978892871365988,35000000,410000000,0.1632815611310235,0.0,0.0,0.0,0.0,https://www.sec.gov/Archives/edgar/data/1390777/000119312509169196/0001193125-09-169196-index.htm,https://www.sec.gov/Archives/edgar/data/1390777/000119312509169196/d10q.htm
2009-03-31,BK,2009-05-08,2009-05-08 16:50:59,Q1,2433000000,0.0,2433000000,1.0,0.0,0.0,0.0,0.0,0.0,0.0,-206000000,152000000,522000000,0.21454993834771888,370000000,0.15207562679819153,0.0,508000000,0.20879572544184136,138000000,370000000,0.15207562679819153,0.0,0.0,0.0,0.0,https://www.sec.gov/Archives/edgar/data/1390777/000119312509105511/0001193125-09-105511-index.htm,https://www.sec.gov/Archives/edgar/data/1390777/000119312509105511/d10q.htm
2008-12-31,BK,2009-02-27,2009-02-27 16:35:04,FY,3057000000,0.0,3057000000,1.0,0.0,0.0,0.0,0.0,0.0,0.0,-481000000,190000000,276000000,0.09028459273797841,86000000,0.028132155708210663,0.0,-49000000,-0.01602878639188747,-135000000,61000000,0.01995420346745175,0.0,0.0,0.0,0.0,https://www.sec.gov/Archives/edgar/data/1390777/000119312509041050/0001193125-09-041050-index.htm,https://www.sec.gov/Archives/edgar/data/1390777/000119312509041050/d10k.htm
2008-09-30,BK,2008-11-07,2008-11-07 12:54:06,Q3,3308000000,0.0,3308000000,1.0,0.0,0.0,0.0,0.0,0.0,0.0,-636000000,223000000,528000000,0.1596130592503023,305000000,0.09220072551390568,0.0,264000000,0.07980652962515115,-41000000,303000000,0.09159613059250302,0.0,0.0,0.0,0.0,https://www.sec.gov/Archives/edgar/data/1390777/000119312508229568/0001193125-08-229568-index.htm,https://www.sec.gov/Archives/edgar/data/1390777/000119312508229568/d10q.htm
2008-06-30,BK,2008-08-08,2008-08-08 10:46:34,Q2,2986000000,0.0,2986000000,1.0,0.0,0.0,0.0,0.0,0.0,0.0,-681000000,243000000,545000000,0.1825184192900201,302000000,0.10113864701942397,0.0,614000000,0.2056262558606832,312000000,309000000,0.10348292029470864,0.0,0.0,0.0,0.0,https://www.sec.gov/Archives/edgar/data/1390777/000119312508171298/0001193125-08-171298-index.htm,https://www.sec.gov/Archives/edgar/data/1390777/000119312508171298/d10q.htm
2008-03-31,BK,2008-05-09,2008-05-09 11:55:51,Q1,2978000000,0.0,2978000000,1.0,0.0,0.0,0.0,0.0,0.0,0.0,-889000000,231000000,980000000,0.32907991940899933,749000000,0.25151108126259236,0.0,1110000000,0.37273337810611146,361000000,746000000,0.25050369375419745,0.0,0.0,0.0,0.0,https://www.sec.gov/Archives/edgar/data/1390777/000119312508109227/0001193125-08-109227-index.htm,https://www.sec.gov/Archives/edgar/data/1390777/000119312508109227/d10q.htm
2007-12-31,BK,2008-02-28,2008-02-28 17:03:30,FY,9015000000,0.0,9015000000,1.0,0.0,0.0,0.0,0.0,0.0,0.0,-3435000000,376000000,2616000000,0.2901830282861897,2240000000,0.24847476428175264,0.0,3225000000,0.3577371048252912,998000000,2039000000,0.22617859123682751,0.0,0.0,0.0,0.0,https://www.sec.gov/Archives/edgar/data/1390777/000119312508041952/0001193125-08-041952-index.htm,https://www.sec.gov/Archives/edgar/data/1390777/000119312508041952/d10k.htm
2007-09-30,BK,2007-11-09,2007-11-09 12:45:24,Q3,16000000,0.0,16000000,1.0,0.0,0.0,0.0,0.0,0.0,0.0,-16000000,224000000,211000000,13.1875,-13000000,-0.8125,0.0,0.0,0.0,0.0,0.0,0.0,0.0,0.0,719512195,691406250,https://www.sec.gov/Archives/edgar/data/1390777/000119312507241880/0001193125-07-241880-index.htm,https://www.sec.gov/Archives/edgar/data/1390777/000119312507241880/d10q.htm
