date,symbol,fillingDate,acceptedDate,period,revenue,costOfRevenue,grossProfit,grossProfitRatio,researchAndDevelopmentExpenses,generalAndAdministrativeExpenses,sellingAndMarketingExpenses,otherExpenses,operatingExpenses,costAndExpenses,interestExpense,depreciationAndAmortization,ebitda,ebitdaratio,operatingIncome,operatingIncomeRatio,totalOtherIncomeExpensesNet,incomeBeforeTax,incomeBeforeTaxRatio,incomeTaxExpense,netIncome,netIncomeRatio,eps,epsdiluted,weightedAverageShsOut,weightedAverageShsOutDil,link,finalLink
2020-03-31,BLK,2020-05-08,2020-05-08 12:02:08,Q1,3710000000,0.0,3710000000,1.0,0.0,1142000000,0.0,1884000000,3026000000,3026000000,46000000,111000000,795000000,0.214285714286,684000000,0.184366576819,-71000000,613000000,0.165229110512,-14000000,806000000,0.217250673854,5.19,5.15,155243279,156416726,https://www.sec.gov/Archives/edgar/data/1364742/000156459020023352/0001564590-20-023352-index.htm,https://www.sec.gov/Archives/edgar/data/1364742/000156459020023352/blk-10q_20200331.htm
2019-12-31,BLK,2020-02-28,2020-02-28 16:30:05,FY,3977000000,0.0,3977000000,1.0,0.0,515000000,0.0,1924000000,2439000000,2439000000,51000000,111000000,1649000000,0.4146341463414634,1538000000,0.3867236610510435,96000000,1634000000,0.4108624591400553,300000000,1301000000,0.33542871511189337,8.38,8.26,156014343,157459546,https://www.sec.gov/Archives/edgar/data/1364742/000156459020007807/0001564590-20-007807-index.htm,https://www.sec.gov/Archives/edgar/data/1364742/000156459020007807/blk-10k_20191231.htm
2019-09-30,BLK,2019-11-08,2019-11-08 14:07:20,Q3,3692000000,0.0,3692000000,1.0,0.0,385000000,0.0,1805000000,2190000000,2190000000,54000000,105000000,1607000000,0.435265438787,1502000000,0.406825568797,-42000000,1460000000,0.395449620802,341000000,1119000000,0.303087757313,7.2,7.15,156290212,157385956,https://www.sec.gov/Archives/edgar/data/1364742/000156459019042157/0001564590-19-042157-index.htm,https://www.sec.gov/Archives/edgar/data/1364742/000156459019042157/blk-10q_20190930.htm
2019-06-30,BLK,2019-08-08,2019-08-08 14:46:55,Q2,3524000000,0.0,3524000000,1.0,0.0,470000000,0.0,1776000000,2246000000,2246000000,52000000,100000000,1378000000,0.39103291714,1278000000,0.362656072645,57000000,1335000000,0.378830874007,322000000,1003000000,0.284619750284,6.46,6.41,156803244,157853711,https://www.sec.gov/Archives/edgar/data/1364742/000156459019030654/0001564590-19-030654-index.htm,https://www.sec.gov/Archives/edgar/data/1364742/000156459019030654/blk-10q_20190630.htm
2019-03-31,BLK,2019-05-09,2019-05-09 13:35:40,Q1,3346000000,0.0,3346000000,1.0,0.0,388000000,0.0,1725000000,2113000000,2113000000,46000000,89000000,1322000000,0.395098625224,1233000000,0.368499701136,125000000,1358000000,0.405857740586,298000000,1053000000,0.314704124328,6.65,6.61,158268034,159348431,https://www.sec.gov/Archives/edgar/data/1364742/000156459019017793/0001564590-19-017793-index.htm,https://www.sec.gov/Archives/edgar/data/1364742/000156459019017793/blk-10q_20190331.htm
2018-12-31,BLK,2019-02-28,2019-02-28 16:25:04,FY,3434000000,0.0,3434000000,1.0,0.0,449000000,0.0,1739000000,2188000000,2188000000,46000000,56000000,1302000000,0.379149679674,1246000000,0.36284216657,-72000000,1174000000,0.341875364007,247000000,927000000,0.269947582994,5.85,5.75,160301116,161948732,https://www.sec.gov/Archives/edgar/data/1364742/000156459019005479/0001564590-19-005479-index.htm,https://www.sec.gov/Archives/edgar/data/1364742/000156459019005479/blk-10k_20181231.htm
2018-09-30,BLK,2018-11-09,2018-11-09 14:42:13,Q3,3576000000,0.0,3576000000,1.0,0.0,413000000,0.0,1767000000,2180000000,2180000000,46000000,57000000,1453000000,0.406319910515,1396000000,0.390380313199,33000000,1429000000,0.399608501119,226000000,1216000000,0.340044742729,7.59,7.53,160786768,162140879,https://www.sec.gov/Archives/edgar/data/1364742/000156459018028881/0001564590-18-028881-index.htm,https://www.sec.gov/Archives/edgar/data/1364742/000156459018028881/blk-10q_20180930.htm
2018-06-30,BLK,2018-08-08,2018-08-08 13:07:19,Q2,7188000000,0.0,7188000000,1.0,0.0,393000000,0.0,1772000000,2165000000,2165000000,46000000,54000000,1494000000,0.207846410684,1440000000,0.200333889816,-24000000,1416000000,0.196994991653,338000000,1073000000,0.149276572065,6.67,6.62,161114746,162532637,https://www.sec.gov/Archives/edgar/data/1364742/000156459018020313/0001564590-18-020313-index.htm,https://www.sec.gov/Archives/edgar/data/1364742/000156459018020313/blk-10q_20180630.htm
2018-03-31,BLK,2018-05-09,2018-05-09 15:09:58,Q1,3583000000,0.0,3583000000,1.0,0.0,383000000,0.0,1825000000,2208000000,2208000000,46000000,53000000,1428000000,0.3985487022048563,1375000000,0.3837566285235836,-16000000,1359000000,0.37929109684621826,265000000,1089000000,0.30533072843985487,6.75,6.68,161250018,162918961,https://www.sec.gov/Archives/edgar/data/1364742/000156459018012320/0001564590-18-012320-index.htm,https://www.sec.gov/Archives/edgar/data/1364742/000156459018012320/blk-10q_20180331.htm
2017-12-31,BLK,2018-02-28,2018-02-28 14:38:00,FY,7948000000,0.0,7948000000,1.0,0.0,448000000,0.0,1532000000,1980000000,1980000000,46000000,50000000,1539000000,0.19363361852,1489000000,0.18734272773,1000000.0,1490000000,0.187468545546,-820000000,2304000000,0.289884247609,14.24,14.0,162160601,164415035,https://www.sec.gov/Archives/edgar/data/1364742/000156459018003744/0001564590-18-003744-index.htm,https://www.sec.gov/Archives/edgar/data/1364742/000156459018003744/blk-10k_20171231.htm
2017-09-30,BLK,2017-11-08,2017-11-08 11:58:31,Q3,3233000000,0.0,3233000000,1.0,0.0,363000000,0.0,1476000000,1839000000,1839000000,46000000,65000000,1459000000,0.4512836374884009,1394000000,0.43117847200742343,10000000,1404000000,0.4342715743891123,445000000,947000000,0.29662851840395915,5.85,5.78,162459737,164289042,https://www.sec.gov/Archives/edgar/data/1364742/000156459017022570/0001564590-17-022570-index.htm,https://www.sec.gov/Archives/edgar/data/1364742/000156459017022570/blk-10q_20170930.htm
2017-06-30,BLK,2017-08-08,2017-08-08 13:38:45,Q2,2965000000,0.0,2965000000,1.0,0.0,350000000,0.0,1373000000,1723000000,1723000000,48000000,62000000,1304000000,0.4397976391231029,1242000000,0.4188870151770658,1000000.0,1243000000,0.41922428330522765,376000000,857000000,0.2924114671163575,5.27,5.22,162758112,164544760,https://www.sec.gov/Archives/edgar/data/1364742/000156459017016394/0001564590-17-016394-index.htm,https://www.sec.gov/Archives/edgar/data/1364742/000156459017016394/blk-10q_20170630.htm
2017-03-31,BLK,2017-05-09,2017-05-09 11:54:54,Q1,2824000000,0.0,2824000000,1.0,0.0,301000000,0.0,1376000000,1677000000,1677000000,65000000,63000000,1210000000,0.42847025495750707,1147000000,0.4061614730878187,-7000000.0,1140000000,0.40368271954674223,269000000,862000000,0.30842776203966005,5.29,5.23,163016599,164856183,https://www.sec.gov/Archives/edgar/data/1364742/000156459017009686/0001564590-17-009686-index.htm,https://www.sec.gov/Archives/edgar/data/1364742/000156459017009686/blk-10q_20170331.htm
2016-12-31,BLK,2017-02-28,2017-02-28 15:14:26,FY,7058000000,0.0,7058000000,1.0,0.0,355000000,0.0,1310000000,1665000000,1665000000,51000000,65000000,1290000000,0.182771323321,1225000000,0.173561915557,-38000000,1187000000,0.168177954095,336000000,851000000,0.120572400113,5.2,5.12,164425858,166579752,https://www.sec.gov/Archives/edgar/data/1364742/000156459017002816/0001564590-17-002816-index.htm,https://www.sec.gov/Archives/edgar/data/1364742/000156459017002816/blk-10k_20161231.htm
2016-09-30,BLK,2016-11-08,2016-11-08 12:43:31,Q3,2837000000,0.0,2837000000,1.0,0.0,312000000,0.0,1316000000,1628000000,1628000000,52000000,65000000,1274000000,0.44906591469862533,1209000000,0.42615438843849135,1000000.0,1210000000,0.426506873457878,333000000,875000000,0.3091293620021149,5.33,5.26,164756355,166760912,https://www.sec.gov/Archives/edgar/data/1364742/000156459016028171/0001564590-16-028171-index.htm,https://www.sec.gov/Archives/edgar/data/1364742/000156459016028171/blk-10q_20160930.htm
2016-06-30,BLK,2016-08-08,2016-08-08 13:33:41,Q2,2804000000,0.0,2804000000,1.0,0.0,316000000,0.0,1315000000,1631000000,1631000000,51000000,67000000,1240000000,0.442225392296719,1173000000,0.41833095577746077,-25000000,1148000000,0.4094151212553495,353000000,789000000,0.2835235378031384,4.79,4.74,165073371,167023559,https://www.sec.gov/Archives/edgar/data/1364742/000156459016023209/0001564590-16-023209-index.htm,https://www.sec.gov/Archives/edgar/data/1364742/000156459016023209/blk-10q_20160630.htm
2016-03-31,BLK,2016-05-10,2016-05-09 18:30:45,Q1,2624000000,0.0,2624000000,1.0,0.0,318000000,0.0,1343000000,1661000000,1661000000,51000000,66000000,1029000000,0.39214939024390244,963000000,0.3669969512195122,-48000000,915000000,0.3487042682926829,268000000,657000000,0.24657012195121952,3.97,3.92,165388130,167398938,https://www.sec.gov/Archives/edgar/data/1364742/000156459016018688/0001564590-16-018688-index.htm,https://www.sec.gov/Archives/edgar/data/1364742/000156459016018688/blk-10q_20160331.htm
2015-12-31,BLK,2016-02-26,2016-02-26 13:40:10,FY,7084000000,0.0,7084000000,1.0,0.0,410000000,0.0,1316000000,1726000000,1726000000,51000000,62000000,1199000000,0.169254658385,1137000000,0.160502540937,11000000,1148000000,0.162055335968,279000000,861000000,0.121541501976,5.19,5.11,166390009,169038571,https://www.sec.gov/Archives/edgar/data/1364742/000156459016013511/0001564590-16-013511-index.htm,https://www.sec.gov/Archives/edgar/data/1364742/000156459016013511/blk-10k_20151231.htm
2015-09-30,BLK,2015-11-06,2015-11-06 12:35:27,Q3,2910000000,0.0,2910000000,1.0,0.0,319000000,0.0,1369000000,1688000000,1688000000,50000000,80000000,1302000000,0.44742268041237115,1222000000,0.41993127147766324,-89000000,1174000000,0.4034364261168385,342000000,843000000,0.2859106529209622,5.07,4.99,166579805,169157188,https://www.sec.gov/Archives/edgar/data/1364742/000156459015009883/0001564590-15-009883-index.htm,https://www.sec.gov/Archives/edgar/data/1364742/000156459015009883/blk-10q_20150930.htm
2015-06-30,BLK,2015-08-07,2015-08-07 16:43:13,Q2,2905000000,0.0,2905000000,1.0,0.0,312000000,0.0,1355000000,1667000000,1667000000,52000000,77000000,1315000000,0.45266781411359724,1238000000,0.4261617900172117,-19000000,1162000000,0.4,371000000,819000000,0.27228915662650605,4.92,4.85,166851492,169418964,https://www.sec.gov/Archives/edgar/data/1364742/000119312515283171/0001193125-15-283171-index.htm,https://www.sec.gov/Archives/edgar/data/1364742/000119312515283171/d14172d10q.htm
2015-03-31,BLK,2015-05-08,2015-05-08 13:17:37,Q1,2723000000,0.0,2723000000,1.0,0.0,339000000,0.0,1317000000,1656000000,1656000000,51000000,76000000,1143000000,0.4197576202717591,1067000000,0.39184722732280575,35000000,1118000000,0.4105765699596034,258000000,822000000,0.31582813073815647,4.92,4.84,167089037,169723167,https://www.sec.gov/Archives/edgar/data/1364742/000119312515179094/0001193125-15-179094-index.htm,https://www.sec.gov/Archives/edgar/data/1364742/000119312515179094/d884015d10q.htm
2014-12-31,BLK,2015-02-27,2015-02-27 16:34:29,FY,6994000000,0.0,6994000000,1.0,0.0,387000000,0.0,1253000000,1640000000,1640000000,58000000,76000000,1220000000,0.174435230197,1144000000,0.163568773234,-6000000.0,1084000000,0.154989991421,278000000,813000000,0.116242493566,4.86,4.77,168225154,171112261,https://www.sec.gov/Archives/edgar/data/1364742/000119312515069955/0001193125-15-069955-index.htm,https://www.sec.gov/Archives/edgar/data/1364742/000119312515069955/d822114d10k.htm
2014-09-30,BLK,2014-11-07,2014-11-07 15:06:37,Q3,2849000000,0.0,2849000000,1.0,0.0,376000000,0.0,1316000000,1692000000,1692000000,61000000,84000000,1241000000,0.4355914355914356,1157000000,0.4061074061074061,-47000000,1105000000,0.38785538785538787,232000000,917000000,0.3064233064233064,5.46,5.36,168571354,171351276,https://www.sec.gov/Archives/edgar/data/1364742/000119312514403120/0001193125-14-403120-index.htm,https://www.sec.gov/Archives/edgar/data/1364742/000119312514403120/d800369d10q.htm
2014-06-30,BLK,2014-08-08,2014-08-08 10:57:27,Q2,2778000000,0.0,2778000000,1.0,0.0,377000000,0.0,1279000000,1656000000,1656000000,60000000,86000000,1208000000,0.4348452123830094,1122000000,0.4038876889848812,-4000000.0,1138000000,0.40964722822174227,297000000,808000000,0.302735781137509,4.79,4.72,168895801,171540018,https://www.sec.gov/Archives/edgar/data/1364742/000119312514302181/0001193125-14-302181-index.htm,https://www.sec.gov/Archives/edgar/data/1364742/000119312514302181/d756612d10q.htm
2014-03-31,BLK,2014-05-09,2014-05-09 14:55:06,Q1,2670000000,0.0,2670000000,1.0,0.0,313000000,0.0,1306000000,1619000000,1619000000,53000000,88000000,1139000000,0.4265917602996255,1051000000,0.3936329588014981,16000000,1068000000,0.4,324000000,756000000,0.2786516853932584,4.47,4.4,169081421,171933803,https://www.sec.gov/Archives/edgar/data/1364742/000119312514192207/0001193125-14-192207-index.htm,https://www.sec.gov/Archives/edgar/data/1364742/000119312514192207/d686413d10q.htm
2013-12-31,BLK,2014-02-28,2014-02-28 14:29:28,FY,6260000000,0.0,6260000000,1.0,0.0,410000000,0.0,1234000000,1644000000,1644000000,52000000,90000000,1223000000,0.195367412141,1133000000,0.180990415335,0.0,1157000000,0.18482428115,307000000,841000000,0.134345047923,4.97,4.85,170185870,173828902,https://www.sec.gov/Archives/edgar/data/1364742/000119312514076587/0001193125-14-076587-index.htm,https://www.sec.gov/Archives/edgar/data/1364742/000119312514076587/d641151d10k.htm
2013-09-30,BLK,2013-11-08,2013-11-08 14:22:06,Q3,2472000000,0.0,2472000000,1.0,0.0,334000000,0.0,1172000000,1506000000,1506000000,52000000,85000000,1051000000,0.42516181229773464,966000000,0.3907766990291262,0.0,948000000,0.38349514563106796,219000000,730000000,0.2949029126213592,4.3,4.21,170581930,174012876,https://www.sec.gov/Archives/edgar/data/1364742/000119312513434891/0001193125-13-434891-index.htm,https://www.sec.gov/Archives/edgar/data/1364742/000119312513434891/d584518d10q.htm
2013-06-30,BLK,2013-08-08,2013-08-08 16:20:02,Q2,129000000,0.0,129000000,1.0,0.0,465000000,0.0,1168000000,1633000000,1633000000,53000000,84000000,933000000,7.23255813953,849000000,6.58139534884,0.0,918000000,7.11627906977,212000000,729000000,5.6511627907,4.27,4.19,170973462,174268870,https://www.sec.gov/Archives/edgar/data/1364742/000119312513326890/0001193125-13-326890-index.htm,https://www.sec.gov/Archives/edgar/data/1364742/000119312513326890/d539907d10q.htm
2013-03-31,BLK,2013-05-09,2013-05-09 14:06:08,Q1,2449000000,0.0,2449000000,1.0,0.0,331000000,0.0,1209000000,1540000000,1540000000,54000000,84000000,993000000,0.40547162106982443,909000000,0.37117190690077584,0.0,950000000,0.38791343405471623,284000000,632000000,0.27194773376888526,3.69,3.62,171301800,174561132,https://www.sec.gov/Archives/edgar/data/1364742/000119312513210506/0001193125-13-210506-index.htm,https://www.sec.gov/Archives/edgar/data/1364742/000119312513210506/d502200d10q.htm
2012-12-31,BLK,2013-03-01,2013-02-28 17:48:24,FY,5501000000,0.0,5501000000,1.0,0.0,401000000,0.0,1133000000,1534000000,1534000000,57000000,88000000,1093000000,0.198691147064,1005000000,0.182694055626,0.0,938000000,0.170514451918,288000000,690000000,0.125431739684,4.01,3.92,174961018,178017679,https://www.sec.gov/Archives/edgar/data/1364742/000119312513084957/0001193125-13-084957-index.htm,https://www.sec.gov/Archives/edgar/data/1364742/000119312513084957/d439552d10k.htm
2012-09-30,BLK,2012-11-08,2012-11-08 17:02:05,Q3,2320000000,0.0,2320000000,1.0,0.0,327000000,0.0,1118000000,1445000000,1445000000,57000000,87000000,962000000,0.4146551724137931,875000000,0.3771551724137931,0.0,905000000,0.3900862068965517,250000000,642000000,0.2823275862068966,3.7,3.65,176116975,178956699,https://www.sec.gov/Archives/edgar/data/1364742/000119312512460708/0001193125-12-460708-index.htm,https://www.sec.gov/Archives/edgar/data/1364742/000119312512460708/d406649d10q.htm
2012-06-30,BLK,2012-08-08,2012-08-08 15:00:59,Q2,2229000000,0.0,2229000000,1.0,0.0,324000000,0.0,1076000000,1400000000,1400000000,52000000,86000000,915000000,0.4104979811574697,829000000,0.37191565724540154,0.0,789000000,0.35397039030955585,229000000,554000000,0.2512337371018394,3.13,3.08,178016539,180753515,https://www.sec.gov/Archives/edgar/data/1364742/000119312512343728/0001193125-12-343728-index.htm,https://www.sec.gov/Archives/edgar/data/1364742/000119312512343728/d363785d10q.htm
2012-03-31,BLK,2012-05-09,2012-05-09 15:32:45,Q1,2249000000,0.0,2249000000,1.0,0.0,307000000,0.0,1127000000,1434000000,1434000000,49000000,89000000,904000000,0.4019564250778124,815000000,0.36238328145842597,0.0,838000000,0.37261004891062693,263000000,572000000,0.25566918630502444,3.19,3.14,179022840,181917864,https://www.sec.gov/Archives/edgar/data/1364742/000119312512221839/0001193125-12-221839-index.htm,https://www.sec.gov/Archives/edgar/data/1364742/000119312512221839/d333853d10q.htm
2011-12-31,BLK,2012-02-28,2012-02-28 17:27:56,FY,2227000000,0.0,2227000000,1.0,0.0,341000000,0.0,1078000000,1419000000,1419000000,48000000,95000000,903000000,0.40547822182308035,808000000,0.3628199371351594,0.0,815000000,0.3659631791647957,232000000,555000000,0.2617871576111361,3.1,3.04,184265367,187116410,https://www.sec.gov/Archives/edgar/data/1364742/000119312512085869/0001193125-12-085869-index.htm,https://www.sec.gov/Archives/edgar/data/1364742/000119312512085869/d270105d10k.htm
2011-09-30,BLK,2011-11-09,2011-11-08 18:46:58,Q3,2225000000,0.0,2225000000,1.0,0.0,389000000,0.0,1059000000,1448000000,1448000000,49000000,96000000,873000000,0.3923595505617978,777000000,0.3492134831460674,0.0,665000000,0.298876404494382,95000000,595000000,0.25617977528089886,3.28,3.23,186187318,188792952,https://www.sec.gov/Archives/edgar/data/1364742/000119312511302591/0001193125-11-302591-index.htm,https://www.sec.gov/Archives/edgar/data/1364742/000119312511302591/d231913d10q.htm
2011-06-30,BLK,2011-08-08,2011-08-08 16:25:09,Q2,2347000000,0.0,2347000000,1.0,0.0,345000000,0.0,1136000000,1481000000,1481000000,41000000,94000000,960000000,0.4090328078397955,866000000,0.3689816787388155,0.0,1047000000,0.3587558585428206,220000000,619000000,0.2650191734128675,3.26,3.21,189822833,192429367,https://www.sec.gov/Archives/edgar/data/1364742/000119312511214280/0001193125-11-214280-index.htm,https://www.sec.gov/Archives/edgar/data/1364742/000119312511214280/d10q.htm
2011-03-31,BLK,2011-05-09,2011-05-09 16:09:58,Q1,2282000000,0.0,2282000000,1.0,0.0,340000000,0.0,1144000000,1484000000,1484000000,38000000,95000000,893000000,0.3913234005258545,798000000,0.3496932515337423,0.0,608000000,0.35626643295354954,249000000,568000000,0.24715162138475022,2.92,2.89,191797365,194296504,https://www.sec.gov/Archives/edgar/data/1364742/000119312511132329/0001193125-11-132329-index.htm,https://www.sec.gov/Archives/edgar/data/1364742/000119312511132329/d10q.htm
2010-12-31,BLK,2011-02-28,2011-02-28 17:20:47,FY,2493000000,0.0,2493000000,1.0,0.0,409000000,0.0,1144000000,1553000000,1553000000,35000000,102000000,1042000000,0.4179703168872844,940000000,0.37705575611712794,0.0,648000000,0.3842759727236262,309000000,657000000,0.2603289209787405,3.39,3.34,190554510,192692047,https://www.sec.gov/Archives/edgar/data/1364742/000119312511050218/0001193125-11-050218-index.htm,https://www.sec.gov/Archives/edgar/data/1364742/000119312511050218/d10k.htm
2010-09-30,BLK,2010-11-08,2010-11-08 06:11:27,Q3,2092000000,0.0,2092000000,1.0,0.0,316000000,0.0,1069000000,1385000000,1385000000,37000000,100000000,807000000,0.38575525812619504,707000000,0.33795411089866156,0.0,86000000,0.37523900573613767,201000000,551000000,0.27915869980879543,2.85,2.83,190385046,192280679,https://www.sec.gov/Archives/edgar/data/1364742/000119312510250991/0001193125-10-250991-index.htm,https://www.sec.gov/Archives/edgar/data/1364742/000119312510250991/d10q.htm
2010-06-30,BLK,2010-08-06,2010-08-06 15:01:07,Q2,2032000000,0.0,2032000000,1.0,0.0,340000000,0.0,995000000,1335000000,1335000000,38000000,106000000,803000000,0.39517716535433073,697000000,0.34301181102362205,0.0,665000000,0.3061023622047244,233000000,432000000,0.19143700787401574,2.23,2.21,190329206,192213593,https://www.sec.gov/Archives/edgar/data/1364742/000119312510181206/0001193125-10-181206-index.htm,https://www.sec.gov/Archives/edgar/data/1364742/000119312510181206/d10q.htm
2010-03-31,BLK,2010-05-10,2010-05-10 14:02:01,Q1,1995000000,0.0,1995000000,1.0,0.0,289000000,0.0,1052000000,1341000000,1341000000,40000000,104000000,758000000,0.3799498746867168,654000000,0.32781954887218046,0.0,651000000,0.3288220551378446,228000000,423000000,0.21453634085213033,2.2,2.17,189676023,192152251,https://www.sec.gov/Archives/edgar/data/1364742/000119312510114324/0001193125-10-114324-index.htm,https://www.sec.gov/Archives/edgar/data/1364742/000119312510114324/d10q.htm
2009-12-31,BLK,2010-03-10,2010-03-10 17:25:57,FY,1544000000,0.0,1544000000,1.0,0.0,0.0,0.0,0.0,18000000,18000000,23000000,64000000,453000000,0.2933937823834197,389000000,0.25194300518134716,0.0,407000000,0.26360103626943004,150000000,257000000,0.16645077720207255,6.24,6.11,136669164,139481449,https://www.sec.gov/Archives/edgar/data/1364742/000119312510052764/0001193125-10-052764-index.htm,https://www.sec.gov/Archives/edgar/data/1364742/000119312510052764/d10k.htm
2009-09-30,BLK,2009-11-06,2009-11-06 15:59:01,Q3,3121000000,0.0,3121000000,1.0,0.0,0.0,0.0,0.0,78000000,78000000,15000000,60000000,417000000,0.13361102210829862,357000000,0.1143864146107017,0.0,435000000,0.1393784043575777,101000000,334000000,0.10701698173662287,4.58,4.5,131481677,134001799,https://www.sec.gov/Archives/edgar/data/1364742/000119312509227485/0001193125-09-227485-index.htm,https://www.sec.gov/Archives/edgar/data/1364742/000119312509227485/d10q.htm
2009-06-30,BLK,2009-08-07,2009-08-07 15:13:33,Q2,35000000,0.0,35000000,1.0,0.0,0.0,0.0,0.0,-102000000,-102000000,30000000,58000000,590000000,16.857142857142858,532000000,15.2,0.0,430000000,12.285714285714286,124000000,306000000,8.742857142857142,2.25,2.22,130574535,132668695,https://www.sec.gov/Archives/edgar/data/1364742/000119312509168969/0001193125-09-168969-index.htm,https://www.sec.gov/Archives/edgar/data/1364742/000119312509168969/d10q.htm
2009-03-31,BLK,2009-05-08,2009-05-08 16:57:00,Q1,987000000,0.0,987000000,1.0,0.0,0.0,0.0,0.0,-179000000,-179000000,15000000,57000000,328000000,0.3323201621073962,271000000,0.2745694022289767,0.0,92000000,0.09321175278622088,30000000,62000000,0.06281661600810537,0.63,0.62,130216218,131797189,https://www.sec.gov/Archives/edgar/data/1364742/000119312509105532/0001193125-09-105532-index.htm,https://www.sec.gov/Archives/edgar/data/1364742/000119312509105532/d10q.htm
2008-12-31,BLK,2009-03-02,2009-02-27 18:43:16,FY,5064000000,0.0,5064000000,1.0,0.0,0.0,0.0,0.0,-574000000,-574000000,66000000,-175253000000,-173660000000,-34.29304897314376,1593000000,0.3145734597156398,0.0,1019000000,0.20122432859399683,388000000,786000000,0.1552132701421801,6.07,5.91,129543443,132996426,https://www.sec.gov/Archives/edgar/data/1364742/000119312509041298/0001193125-09-041298-index.htm,https://www.sec.gov/Archives/edgar/data/1364742/000119312509041298/d10k.htm
2008-09-30,BLK,2008-11-07,2008-11-07 16:18:34,Q3,1313221000,0.0,1313221000,1.0,0.0,0.0,0.0,0.0,-139684000,-139684000,16737000,60139000,513675000,0.39115655323818305,453536000,0.3453615195005258,0.0,313852000,0.2389940459374317,117237000,217726000,0.16579539925115422,5.67,5.49,129427715,133500644,https://www.sec.gov/Archives/edgar/data/1364742/000119312508230033/0001193125-08-230033-index.htm,https://www.sec.gov/Archives/edgar/data/1364742/000119312508230033/d10q.htm
2008-06-30,BLK,2008-08-08,2008-08-08 13:33:48,Q2,1386951000,0.0,1386951000,1.0,0.0,0.0,0.0,0.0,-3263000.0,-3263000.0,16720000,57855000,462845000,0.3337140245041101,404990000,0.2920002220698496,0.0,401727000,0.28964757947468944,147569000,274058000,0.1975974637892759,3.99,3.87,129242591,133189957,https://www.sec.gov/Archives/edgar/data/1364742/000119312508171608/0001193125-08-171608-index.htm,https://www.sec.gov/Archives/edgar/data/1364742/000119312508171608/d10q.htm
2008-03-31,BLK,2008-05-09,2008-05-09 15:39:41,Q1,1300138000,0.0,1300138000,1.0,0.0,0.0,0.0,0.0,-18528000,-18528000,17378000,57491000,453181000,0.3485637678461825,395690000,0.3043446157254076,0.0,377162000,0.29009382080979096,130131000,241671000,0.18588103724373875,1.87,1.82,128904253,132876553,https://www.sec.gov/Archives/edgar/data/1364742/000119312508109678/0001193125-08-109678-index.htm,https://www.sec.gov/Archives/edgar/data/1364742/000119312508109678/d10q.htm
2007-12-31,BLK,2008-02-28,2008-02-28 16:45:02,FY,1444179000,0.0,1444179000,1.0,0.0,0.0,0.0,1926094000,1926094000,1926094000,18389000,55437000,523153000,0.36224941645045383,467716000,0.323862900651512,0.0,497132000,0.3442315668625565,165746000,322440000,0.22326872222903116,7.75,7.53,128488561,132088810,https://www.sec.gov/Archives/edgar/data/1364742/000119312508041884/0001193125-08-041884-index.htm,https://www.sec.gov/Archives/edgar/data/1364742/000119312508041884/d10k.htm
2007-09-30,BLK,2007-11-08,2007-11-08 17:27:57,Q3,1298079000,50271000,1247808000,0.9612727730746742,0.0,0.0,0.0,1172000000,1172000000,1121729000,9814000.0,49305000,321021000,0.2473046709791931,271716000,0.20932162064096252,0.0,399906000,0.30807524041294865,63168000,255200000,0.1965982039613922,5.24,5.12,128501575,131534188,https://www.sec.gov/Archives/edgar/data/1364742/000119312507240559/0001193125-07-240559-index.htm,https://www.sec.gov/Archives/edgar/data/1364742/000119312507240559/d10q.htm
2007-06-30,BLK,2007-08-10,2007-08-10 09:31:05,Q2,1097023000,50271000,1046752000,0.9541750719902864,0.0,0.0,0.0,1661044000,1661044000,1711315000,10223000,48020000,330021000,0.30083325509127884,282001000,0.25706024395112953,0.0,495719000,0.45187657870436626,125012000,222244000,0.20258827754750813,3.25,3.17,128676577,131580121,https://www.sec.gov/Archives/edgar/data/1364742/000119312507178419/0001193125-07-178419-index.htm,https://www.sec.gov/Archives/edgar/data/1364742/000119312507178419/d10q.htm
2007-03-31,BLK,2007-05-10,2007-05-10 15:29:44,Q1,1005374000,0.0,1005374000,1.0,0.0,0.0,0.0,261880684000,261880684000,261880684000,10986000,46062000,318293000,0.31659163654520606,272231000,0.2707758505789885,0.0,429962000,0.42766373508763905,109906000,195388000,0.1943435975069974,1.52,1.48,128809726,131895570,https://www.sec.gov/Archives/edgar/data/1364742/000119312507110090/0001193125-07-110090-index.htm,https://www.sec.gov/Archives/edgar/data/1364742/000119312507110090/d10q.htm
2006-12-31,BLK,2007-03-13,2007-03-13 14:24:33,FY,1018525000,0.0,1018525000,1.0,0.0,0.0,0.0,33588078000,33588078000,33588078000,3895000.0,43508000,289591000,0.28432389975700156,246083000,0.24160722613583369,-141309000,282697000,0.2775552882845291,189463000,169423000,0.1663415232812155,4.0,3.87,80638167,83358394,https://www.sec.gov/Archives/edgar/data/1364742/000119312507053304/0001193125-07-053304-index.htm,https://www.sec.gov/Archives/edgar/data/1364742/000119312507053304/d10k.htm
