date,symbol,fillingDate,acceptedDate,period,revenue,costOfRevenue,grossProfit,grossProfitRatio,researchAndDevelopmentExpenses,generalAndAdministrativeExpenses,sellingAndMarketingExpenses,otherExpenses,operatingExpenses,costAndExpenses,interestExpense,depreciationAndAmortization,ebitda,ebitdaratio,operatingIncome,operatingIncomeRatio,totalOtherIncomeExpensesNet,incomeBeforeTax,incomeBeforeTaxRatio,incomeTaxExpense,netIncome,netIncomeRatio,eps,epsdiluted,weightedAverageShsOut,weightedAverageShsOutDil,link,finalLink
2020-03-31,BMY,2020-05-07,2020-05-07 09:54:07,Q1,10781000000,3662000000,7119000000,0.6603283554401261,2372000000,1606000000,1606000000,1163000000,3978000000,11085000000,362000000,2488000000,2184000000,0.202578610519,-304000000,-0.028197755310268063,1163000000,-304000000,-0.028197755310268063,462000000,-766000000,-0.07105092291995177,-0.34,-0.34,2258000000,2258000000,https://www.sec.gov/Archives/edgar/data/14272/000001427220000168/0000014272-20-000168-index.htm,https://www.sec.gov/Archives/edgar/data/14272/000001427220000168/bmy-20200331x10q.htm
2019-12-31,BMY,2020-02-24,2020-02-24 16:10:27,FY,7945000000,2432000000,5513000000,0.6938955317809944,2087000000,1734000000,1734000000,938000000,3821000000,8074000000,279000000,1241000000,1112000000,0.139962240403,-129000000,-0.016236626809314033,686000000,-129000000,-0.016236626809314033,931000000,-1060000000,-0.13341724354940215,-0.73,-0.74,1705000000,1712000000,https://www.sec.gov/Archives/edgar/data/14272/000001427220000082/0000014272-20-000082-index.htm,https://www.sec.gov/Archives/edgar/data/14272/000001427220000082/bmy-20191231x10xk.htm
2019-09-30,BMY,2019-10-31,2019-10-31 09:39:45,Q3,6007000000,1810000000,4197000000,0.6986848676544032,1382000000,1055000000,1055000000,0.0,2437000000,4658000000,209000000,1728000000,3690000000,0.614283336108,1962000000,0.326618944565,411000000,1809000000,0.301148659897,-17000000,1353000000,0.22523722324,0.83,0.83,1634000000,1636000000,https://www.sec.gov/Archives/edgar/data/14272/000001427219000194/0000014272-19-000194-index.htm,https://www.sec.gov/Archives/edgar/data/14272/000001427219000194/bmy-20190930x10q.htm
2019-06-30,BMY,2019-07-25,2019-07-25 11:33:59,Q2,6273000000,1992000000,4281000000,0.6824485891917743,1328000000,1076000000,1076000000,0.0,2404000000,4497000000,123000000,229000000,1392000000,0.221903395505,1163000000,0.18539773633,101000000,1316000000,0.209787980233,337000000,1432000000,0.228279929858,0.87,0.88,1635000000,1637000000,https://www.sec.gov/Archives/edgar/data/14272/000001427219000160/0000014272-19-000160-index.htm,https://www.sec.gov/Archives/edgar/data/14272/000001427219000160/bmy-20190630x10q.htm
2019-03-31,BMY,2019-04-25,2019-04-25 11:39:35,Q1,5920000000,1844000000,4076000000,0.6885135135135135,1351000000,1006000000,1006000000,0.0,2357000000,3941000000,45000000,236000000,2215000000,0.374155405405,1979000000,0.334290540541,-260000000,1979000000,0.334290540541,264000000,1710000000,0.288851351351,1.05,1.04,1634000000,1637000000,https://www.sec.gov/Archives/edgar/data/14272/000001427219000107/0000014272-19-000107-index.htm,https://www.sec.gov/Archives/edgar/data/14272/000001427219000107/bmy-20190331x10q.htm
2018-12-31,BMY,2019-02-25,2019-02-25 16:52:22,FY,5973000000,1690000000,4283000000,0.7170601038004353,1380000000,1336000000,1336000000,0.0,2716000000,4468000000,48000000,213000000,1718000000,0.287627657793,1505000000,0.251967185669,62000000,1505000000,0.251967185669,347000000,1160000000,0.19420726603,0.71,0.71,1633000000,1637000000,https://www.sec.gov/Archives/edgar/data/14272/000001427219000047/0000014272-19-000047-index.htm,https://www.sec.gov/Archives/edgar/data/14272/000001427219000047/bmy-20181231x10xk.htm
2018-09-30,BMY,2018-10-25,2018-10-25 11:36:04,Q3,5691000000,1648000000,4043000000,0.7104199613424705,1280000000,1104000000,1104000000,0.0,2384000000,3524000000,44000000,206000000,2373000000,0.416974169742,2167000000,0.38077666491,-508000000,2167000000,0.38077666491,255000000,1901000000,0.334036197505,1.16,1.17,1633000000,1637000000,https://www.sec.gov/Archives/edgar/data/14272/000001427218000197/0000014272-18-000197-index.htm,https://www.sec.gov/Archives/edgar/data/14272/000001427218000197/bmy-20180930x10q.htm
2018-06-30,BMY,2018-07-26,2018-07-26 11:32:21,Q2,5704000000,1625000000,4079000000,0.7151122019635343,2435000000,1131000000,1131000000,0.0,3566000000,5187000000,45000000,211000000,728000000,0.12762973352,517000000,0.0906381486676,-4000000.0,517000000,0.0906381486676,135000000,373000000,0.0653927068724,0.23,0.22,1633000000,1638000000,https://www.sec.gov/Archives/edgar/data/14272/000001427218000160/0000014272-18-000160-index.htm,https://www.sec.gov/Archives/edgar/data/14272/000001427218000160/bmy-20180630x10q.htm
2018-03-31,BMY,2018-04-26,2018-04-26 12:08:19,Q1,5193000000,1584000000,3609000000,0.6949740034662045,1250000000,980000000,980000000,0.0,2230000000,3414000000,46000000,193000000,1972000000,0.379741960331,1779000000,0.34257654535,-400000000,1779000000,0.34257654535,284000000,1486000000,0.286154438667,0.91,0.91,1633000000,1640000000,https://www.sec.gov/Archives/edgar/data/14272/000001427218000117/0000014272-18-000117-index.htm,https://www.sec.gov/Archives/edgar/data/14272/000001427218000117/bmy-20180331x10q.htm
2017-12-31,BMY,2018-02-13,2018-02-13 09:26:31,FY,5449000000,1673000000,3776000000,0.69297118737383,1921000000,1299000000,1299000000,1377000000,3220000000,4751000000,51000000,285000000,983000000,0.180400073408,698000000,0.128096898513,-142000000,698000000,0.128096898513,3027000000,-2329000000,-0.42741787483942006,-1.41,-1.41,1645000000,1652000000,https://www.sec.gov/Archives/edgar/data/14272/000001427218000055/0000014272-18-000055-index.htm,https://www.sec.gov/Archives/edgar/data/14272/000001427218000055/bmy-20171231x10xk.htm
2017-09-30,BMY,2017-10-26,2017-10-26 11:27:47,Q3,5254000000,1572000000,3682000000,0.700799390940236,1543000000,1147000000,1147000000,-191000000,2690000000,4071000000,48000000,229000000,1412000000,0.26874762086,1183000000,0.2251617815,-191000000,1183000000,0.2251617815,327000000,845000000,0.160829843928,0.51,0.52,1648000000,1655000000,https://www.sec.gov/Archives/edgar/data/14272/000001427217000195/0000014272-17-000195-index.htm,https://www.sec.gov/Archives/edgar/data/14272/000001427217000195/bmy-20170930x10q.htm
2017-06-30,BMY,2017-07-27,2017-07-27 11:23:30,Q2,5144000000,1562000000,3582000000,0.6963452566096423,1659000000,1167000000,1167000000,-539000000,2826000000,3849000000,52000000,266000000,1561000000,0.303460342146,1295000000,0.251749611198,-539000000,1295000000,0.251749611198,373000000,916000000,0.178071539658,0.56,0.56,1653000000,1660000000,https://www.sec.gov/Archives/edgar/data/14272/000001427217000165/0000014272-17-000165-index.htm,https://www.sec.gov/Archives/edgar/data/14272/000001427217000165/bmy-20170630x10q.htm
2017-03-31,BMY,2017-04-27,2017-04-27 11:29:01,Q1,4929000000,1259000000,3670000000,0.7445729356867519,1288000000,1074000000,1074000000,-647000000,2362000000,2974000000,45000000,245000000,2200000000,0.446337999594,1955000000,0.396632176912,-647000000,1955000000,0.396632176912,429000000,1574000000,0.319334550619,0.95,0.94,1662000000,1671000000,https://www.sec.gov/Archives/edgar/data/14272/000001427217000132/0000014272-17-000132-index.htm,https://www.sec.gov/Archives/edgar/data/14272/000001427217000132/bmy-20170331x10q.htm
2016-12-31,BMY,2017-02-21,2017-02-21 12:04:14,FY,5243000000,1383000000,3860000000,0.7362197215334731,1400000000,1461000000,1461000000,-87000000,2861000000,4157000000,40000000,169000000,1255000000,0.239366774747,1086000000,0.207133320618,-87000000,1086000000,0.207133320618,188000000,894000000,0.170513065039,0.54,0.53,1671000000,1680000000,https://www.sec.gov/Archives/edgar/data/14272/000001427217000047/0000014272-17-000047-index.htm,https://www.sec.gov/Archives/edgar/data/14272/000001427217000047/bmy-20161231x10xk.htm
2016-09-30,BMY,2016-10-27,2016-10-27 11:35:27,Q3,4922000000,1305000000,3617000000,0.7348638764729785,1138000000,1144000000,1144000000,-224000000,2282000000,3363000000,42000000,144000000,1703000000,0.345997561967,1559000000,0.316741162129,-224000000,1559000000,0.316741162129,344000000,1202000000,0.244209670866,0.72,0.71,1670000000,1679000000,https://www.sec.gov/Archives/edgar/data/14272/000001427216000491/0000014272-16-000491-index.htm,https://www.sec.gov/Archives/edgar/data/14272/000001427216000491/bmy-20160930x10q.htm
2016-06-30,BMY,2016-07-28,2016-07-28 11:32:27,Q2,4871000000,1206000000,3665000000,0.7524122356805584,1266000000,1238000000,1238000000,-454000000,2504000000,3256000000,42000000,134000000,1749000000,0.359063847259,1615000000,0.331554095668,-454000000,1615000000,0.331554095668,427000000,1166000000,0.239375898173,0.69,0.7,1670000000,1679000000,https://www.sec.gov/Archives/edgar/data/14272/000001427216000461/0000014272-16-000461-index.htm,https://www.sec.gov/Archives/edgar/data/14272/000001427216000461/bmy-20160630x10q.htm
2016-03-31,BMY,2016-04-28,2016-04-28 11:32:42,Q1,4391000000,1052000000,3339000000,0.7604190389432931,1136000000,1068000000,1068000000,-520000000,2204000000,2736000000,43000000,104000000,1759000000,0.400592120246,1655000000,0.376907310408,-520000000,1655000000,0.376907310408,449000000,1195000000,0.272147574584,0.72,0.71,1669000000,1680000000,https://www.sec.gov/Archives/edgar/data/14272/000001427216000399/0000014272-16-000399-index.htm,https://www.sec.gov/Archives/edgar/data/14272/000001427216000399/bmy-20160331x10q.htm
2015-12-31,BMY,2016-02-12,2016-02-12 08:02:37,FY,4287000000,952000000,3335000000,0.7779332866806624,1916000000,1996000000,1996000000,328000000,3417000000,4697000000,43000000,143000000,-267000000,-0.0622813156053184,-410000000,-0.09563797527408444,328000000,-410000000,-0.09563797527408444,-222000000,-188000000,-0.043853510613482624,-0.12,-0.12,1667000000,1679000000,https://www.sec.gov/Archives/edgar/data/14272/000001427216000288/0000014272-16-000288-index.htm,https://www.sec.gov/Archives/edgar/data/14272/000001427216000288/bmy-20151231x10xk.htm
2015-09-30,BMY,2015-10-27,2015-10-27 12:36:09,Q3,4069000000,1097000000,2972000000,0.7304005898255099,1132000000,983000000,983000000,193000000,2308000000,3082000000,41000000,173000000,1160000000,0.285082329811,987000000,0.242565740968,-323000000,987000000,0.242565740968,257000000,706000000,0.173507004178,0.43,0.42,1666000000,1677000000,https://www.sec.gov/Archives/edgar/data/14272/000001427215000235/0000014272-15-000235-index.htm,https://www.sec.gov/Archives/edgar/data/14272/000001427215000235/bmy-20150930x10q.htm
2015-06-30,BMY,2015-07-23,2015-07-23 11:35:16,Q2,4163000000,1013000000,3150000000,0.7566658659620465,1856000000,968000000,968000000,167000000,2991000000,4111000000,49000000,151000000,203000000,0.048762911362,52000000,0.012490992073,107000000,52000000,0.012490992073,162000000,-110000000,-0.026423252462166705,-0.08,-0.08,1665000000,1677000000,https://www.sec.gov/Archives/edgar/data/14272/000001427215000212/0000014272-15-000212-index.htm,https://www.sec.gov/Archives/edgar/data/14272/000001427215000212/bmy-20150630x10q.htm
2015-03-31,BMY,2015-04-28,2015-04-28 07:36:01,Q1,4041000000,847000000,3194000000,0.7903984162336055,1016000000,894000000,894000000,135000000,2045000000,2593000000,51000000,154000000,1602000000,0.396436525612,1448000000,0.358327146746,-299000000,1448000000,0.358327146746,249000000,1186000000,0.293491709973,0.71,0.71,1663000000,1676000000,https://www.sec.gov/Archives/edgar/data/14272/000001427215000178/0000014272-15-000178-index.htm,https://www.sec.gov/Archives/edgar/data/14272/000001427215000178/bmy-20150331x10q.htm
2014-12-31,BMY,2015-02-13,2015-02-13 09:38:42,FY,4258000000,966000000,3292000000,0.7731329262564585,1189000000,1151000000,1151000000,213000000,2553000000,4318000000,53000000,1074000000,1464000000,0.343823391264,390000000,0.091592296853,799000000,843000000,0.197980272428,-87000000,13000000,0.00305307656177,0.01,0.01,1657000000,1670000000,https://www.sec.gov/Archives/edgar/data/14272/000001427215000055/0000014272-15-000055-index.htm,https://www.sec.gov/Archives/edgar/data/14272/000001427215000055/bmy-20141231x10xk.htm
2014-09-30,BMY,2014-10-24,2014-10-24 11:16:25,Q3,3921000000,1007000000,2914000000,0.7431777607753124,983000000,1029000000,1029000000,171000000,2183000000,2913000000,50000000,112000000,833000000,0.212445804642,721000000,0.183881662841,-277000000,352000000,0.0897730170875,276000000,721000000,0.183881662841,0.43,0.43,1656000000,1668000000,https://www.sec.gov/Archives/edgar/data/14272/000001427214000257/0000014272-14-000257-index.htm,https://www.sec.gov/Archives/edgar/data/14272/000001427214000257/bmy-20140930x10q.htm
2014-06-30,BMY,2014-07-24,2014-07-24 11:18:20,Q2,3889000000,991000000,2898000000,0.7451787091797377,1416000000,951000000,951000000,187000000,2554000000,3441000000,46000000,115000000,448000000,0.115196708665,333000000,0.0856261249679,-104000000,376000000,0.0966829519157,114000000,333000000,0.0856261249679,0.2,0.2,1655000000,1668000000,https://www.sec.gov/Archives/edgar/data/14272/000001427214000214/0000014272-14-000214-index.htm,https://www.sec.gov/Archives/edgar/data/14272/000001427214000214/bmy-20140630x10q.htm
2014-03-31,BMY,2014-04-29,2014-04-29 09:49:04,Q1,3811000000,968000000,2843000000,0.7459984256100761,946000000,957000000,957000000,163000000,2066000000,2826000000,54000000,137000000,1074000000,0.281815796379,937000000,0.24586722645,-208000000,810000000,0.212542639727,49000000,937000000,0.24586722645,0.57,0.56,1652000000,1666000000,https://www.sec.gov/Archives/edgar/data/14272/000001427214000175/0000014272-14-000175-index.htm,https://www.sec.gov/Archives/edgar/data/14272/000001427214000175/bmy-20140331x10q.htm
2013-12-31,BMY,2014-02-14,2014-02-14 09:37:38,FY,4441000000,1273000000,3168000000,0.7133528484575546,957000000,1068000000,1068000000,254000000,2279000000,3572000000,53000000,181000000,907000000,0.204233280793,726000000,0.163476694438,20000000,906000000,0.204008106282,134000000,726000000,0.163476694438,0.44,0.43,1644000000,1662000000,https://www.sec.gov/Archives/edgar/data/14272/000001427214000054/0000014272-14-000054-index.htm,https://www.sec.gov/Archives/edgar/data/14272/000001427214000054/bmy-20131231x10xk.htm
2013-09-30,BMY,2013-10-23,2013-10-23 10:50:53,Q3,4065000000,1175000000,2890000000,0.7109471094710947,893000000,980000000,980000000,194000000,2067000000,3247000000,46000000,180000000,872000000,0.214514145141,692000000,0.170233702337,5000000.0,900000000,0.221402214022,126000000,692000000,0.170233702337,0.42,0.42,1643000000,1659000000,https://www.sec.gov/Archives/edgar/data/14272/000001427213000029/0000014272-13-000029-index.htm,https://www.sec.gov/Archives/edgar/data/14272/000001427213000029/bmy-20130930x10q.htm
2013-06-30,BMY,2013-07-25,2013-07-25 11:31:51,Q2,4048000000,1108000000,2940000000,0.7262845849802372,951000000,1042000000,1042000000,218000000,2211000000,3518000000,50000000,189000000,725000000,0.179100790514,536000000,0.132411067194,199000000,1141000000,0.281867588933,0.0,536000000,0.132411067194,0.33,0.32,1641000000,1658000000,https://www.sec.gov/Archives/edgar/data/14272/000001427213000005/0000014272-13-000005-index.htm,https://www.sec.gov/Archives/edgar/data/14272/000001427213000005/bmy-20130630x10q.htm
2013-03-31,BMY,2013-04-25,2013-04-25 11:28:06,Q1,3831000000,1063000000,2768000000,0.7225267554163404,930000000,994000000,994000000,189000000,2113000000,3157000000,50000000,213000000,822000000,0.214565387627,609000000,0.15896632733,-19000000,694000000,0.181153745758,51000000,609000000,0.15896632733,0.37,0.37,1638000000,1655000000,https://www.sec.gov/Archives/edgar/data/14272/000119312513172698/0001193125-13-172698-index.htm,https://www.sec.gov/Archives/edgar/data/14272/000119312513172698/d523130d10q.htm
2012-12-31,BMY,2013-02-15,2013-02-15 08:55:25,FY,4191000000,1075000000,3116000000,0.7434979718444286,1082000000,1143000000,1143000000,212000000,2437000000,3678000000,182000000,199000000,1124000000,0.268193748509,925000000,0.220711047483,-35000000,666000000,0.158911954188,-411000000,925000000,0.220711047483,0.55,0.55,1670000000,1688000000,https://www.sec.gov/Archives/edgar/data/14272/000119312513061678/0001193125-13-061678-index.htm,https://www.sec.gov/Archives/edgar/data/14272/000119312513061678/d450621d10k.htm
2012-09-30,BMY,2012-10-24,2012-10-24 11:06:28,Q3,3736000000,987000000,2749000000,0.735813704496788,951000000,1071000000,3077000000,167000000,2189000000,4995000000,0.0,104000000,-1155000000,-0.3091541755888651,-1259000000,-0.3369914346895075,-50000000,-1259000000,-0.3369914346895075,-546000000,-713000000,-0.1908458244111349,-0.42,-0.41,1679000000,1697000000,https://www.sec.gov/Archives/edgar/data/14272/000119312512432664/0001193125-12-432664-index.htm,https://www.sec.gov/Archives/edgar/data/14272/000119312512432664/d427346d10q.htm
2012-06-30,BMY,2012-07-25,2012-07-25 11:24:20,Q2,4443000000,1245000000,3198000000,0.7197839297771775,962000000,1004000000,-1002000000,224000000,2190000000,3384000000,0.0,192000000,1251000000,0.281566509115,1059000000,0.238352464551,-18000000,1059000000,0.238352464551,251000000,645000000,0.145172180959,0.39,0.38,1685000000,1704000000,https://www.sec.gov/Archives/edgar/data/14272/000119312512313811/0001193125-12-313811-index.htm,https://www.sec.gov/Archives/edgar/data/14272/000119312512313811/d384115d10q.htm
2012-03-31,BMY,2012-04-26,2012-04-26 11:49:15,Q1,5251000000,1303000000,3948000000,0.7518567891830128,909000000,1002000000,1002000000,194000000,2105000000,3224000000,0.0,186000000,2213000000,0.421443534565,2027000000,0.38602171015,23000000,2027000000,0.38602171015,545000000,1101000000,0.209674347743,0.65,0.64,1687000000,1706000000,https://www.sec.gov/Archives/edgar/data/14272/000119312512184689/0001193125-12-184689-index.htm,https://www.sec.gov/Archives/edgar/data/14272/000119312512184689/d339536d10q.htm
2011-12-31,BMY,2012-02-17,2012-02-17 08:44:56,FY,5454000000,1367000000,4087000000,0.7493582691602494,1008000000,1216000000,1216000000,285000000,2509000000,3860000000,42000000,207000000,1801000000,0.330216354969,1594000000,0.292262559589,26000000,1594000000,0.292262559589,363000000,852000000,0.156215621562,0.51,0.5,1700000000,1717000000,https://www.sec.gov/Archives/edgar/data/14272/000119312512066416/0001193125-12-066416-index.htm,https://www.sec.gov/Archives/edgar/data/14272/000119312512066416/d302058d10k.htm
2011-09-30,BMY,2011-10-27,2011-10-27 12:01:45,Q3,5345000000,1407000000,3938000000,0.7367633302151544,973000000,1019000000,1019000000,205000000,2197000000,3515000000,40000000,198000000,2028000000,0.379420018709,1830000000,0.342376052385,-26000000,1830000000,0.342376052385,475000000,969000000,0.181290926099,0.56,0.56,1703000000,1717000000,https://www.sec.gov/Archives/edgar/data/14272/000119312511283608/0001193125-11-283608-index.htm,https://www.sec.gov/Archives/edgar/data/14272/000119312511283608/d245935d10q.htm
2011-06-30,BMY,2011-07-28,2011-07-28 10:57:05,Q2,5434000000,1481000000,3953000000,0.7274567537725433,923000000,1040000000,1040000000,253000000,2216000000,3644000000,32000000,206000000,1996000000,0.367316893633,1790000000,0.329407434671,-31000000,1790000000,0.329407434671,483000000,902000000,0.165991902834,0.53,0.53,1705000000,1718000000,https://www.sec.gov/Archives/edgar/data/14272/000119312511200164/0001193125-11-200164-index.htm,https://www.sec.gov/Archives/edgar/data/14272/000119312511200164/d10q.htm
2011-03-31,BMY,2011-04-28,2011-04-28 11:26:13,Q1,5011000000,1343000000,3668000000,0.7319896228297745,935000000,928000000,928000000,214000000,2077000000,3244000000,31000000,190000000,1957000000,0.390540810218,1767000000,0.352624226701,-138000000,1767000000,0.352624226701,400000000,986000000,0.196767112353,0.58,0.57,1702000000,1714000000,https://www.sec.gov/Archives/edgar/data/14272/000119312511113907/0001193125-11-113907-index.htm,https://www.sec.gov/Archives/edgar/data/14272/000119312511113907/d10q.htm
2010-12-31,BMY,2011-02-18,2011-02-18 13:34:50,FY,5111000000,1414000000,3697000000,0.723341811778517,1010000000,1000000000,1000000000,249000000,2259000000,3698000000,42000000,198000000,1611000000,0.315202504402,1413000000,0.276462531794,42000000,1413000000,0.276462531794,571000000,483000000,0.0945020543925,0.28,0.28,1713000000,1727000000,https://www.sec.gov/Archives/edgar/data/14272/000119312511040120/0001193125-11-040120-index.htm,https://www.sec.gov/Archives/edgar/data/14272/000119312511040120/d10k.htm
2010-09-30,BMY,2010-10-26,2010-10-26 10:29:00,Q3,4798000000,1280000000,3518000000,0.7332221759066277,824000000,892000000,892000000,253000000,1969000000,3184000000,38000000,168000000,1782000000,0.37140475198,1614000000,0.336390162568,-10000000,1614000000,0.336390162568,312000000,949000000,0.197790746144,0.55,0.55,1715000000,1715000000,https://www.sec.gov/Archives/edgar/data/14272/000119312510236328/0001193125-10-236328-index.htm,https://www.sec.gov/Archives/edgar/data/14272/000119312510236328/d10q.htm
2010-06-30,BMY,2010-07-22,2010-07-22 10:50:12,Q2,4768000000,1277000000,3491000000,0.7321728187919463,822000000,894000000,894000000,263000000,1979000000,3176000000,65000000,191000000,1783000000,0.373951342282,1592000000,0.33389261745,-19000000,1592000000,0.33389261745,324000000,927000000,0.19442114094,0.54,0.53,1717000000,1717000000,https://www.sec.gov/Archives/edgar/data/14272/000119312510163487/0001193125-10-163487-index.htm,https://www.sec.gov/Archives/edgar/data/14272/000119312510163487/d10q.htm
2010-03-31,BMY,2010-04-29,2010-04-29 10:49:28,Q1,4807000000,1306000000,3501000000,0.7283128770542958,910000000,900000000,900000000,212000000,2022000000,3355000000,0.0,187000000,1639000000,0.340961098398,1452000000,0.302059496568,113000000,1452000000,0.302059496568,351000000,743000000,0.154566257541,0.43,0.43,0.0,0.0,https://www.sec.gov/Archives/edgar/data/14272/000119312510098285/0001193125-10-098285-index.htm,https://www.sec.gov/Archives/edgar/data/14272/000119312510098285/d10q.htm
2009-12-31,BMY,2010-02-19,2010-02-19 15:38:21,FY,2922000000,704000000,2218000000,0.759069130732375,1057000000,0.0,688000000,-251000000,1745000000,2449000000,0.0,121000000,1032000000,0.3531827515400411,911000000,0.31177275838466806,-251000000,753000000,0.25770020533880905,-158000000,911000000,0.31177275838466806,-0.381,-0.381,-11601049868,-11601049868,https://www.sec.gov/Archives/edgar/data/14272/000119312510035167/0001193125-10-035167-index.htm,https://www.sec.gov/Archives/edgar/data/14272/000119312510035167/d10k.htm
2009-09-30,BMY,2009-10-22,2009-10-22 11:39:55,Q3,5487000000,1562000000,3925000000,0.715327136868963,838000000,0.0,1117000000,-30000000,1955000000,3517000000,0.0,117000000,1407000000,0.2564242755604155,1290000000,0.23510114816839803,-30000000,1724000000,0.31419719336613816,434000000,1290000000,0.23510114816839803,1.3,1.3,2699230769,2699230769,https://www.sec.gov/Archives/edgar/data/14272/000119312509211734/0001193125-09-211734-index.htm,https://www.sec.gov/Archives/edgar/data/14272/000119312509211734/d10q.htm
2009-06-30,BMY,2009-07-23,2009-07-23 14:01:55,Q2,5384000000,1461000000,3923000000,0.7286404160475483,829000000,0.0,1077000000,-22000000,1906000000,3367000000,0.0,121000000,1419000000,0.2635586924219911,1298000000,0.2410846953937593,-22000000,1741000000,0.3233655274888559,443000000,1298000000,0.2410846953937593,0.81,0.81,2739506172,2739506172,https://www.sec.gov/Archives/edgar/data/14272/000119312509153889/0001193125-09-153889-index.htm,https://www.sec.gov/Archives/edgar/data/14272/000119312509153889/d10q.htm
2009-03-31,BMY,2009-04-28,2009-04-28 11:37:59,Q1,5015000000,1413000000,3602000000,0.7182452642073779,923000000,0.0,1064000000,-78000000,1987000000,3400000000,0.0,110000000,1031000000,0.20558325024925225,921000000,0.18364905284147556,-78000000,1384000000,0.27597208374875376,463000000,921000000,0.18364905284147556,0.31,0.31,2970967741,2970967741,https://www.sec.gov/Archives/edgar/data/14272/000119312509089584/0001193125-09-089584-index.htm,https://www.sec.gov/Archives/edgar/data/14272/000119312509089584/d10q.htm
2008-12-31,BMY,2009-02-20,2009-02-20 06:11:29,FY,5249000000,1522000000,3727000000,0.7100400076204991,1143000000,0.0,1285000000,3000000.0,2428000000,3950000000,0.0,113000000,1311000000,0.24976185940179083,1198000000,0.2282339493236807,0.0,1888000000,0.3596875595351495,424000000,1464000000,0.27891026862259477,-0.895,-0.895,-4637988826,-4637988826,https://www.sec.gov/Archives/edgar/data/14272/000119312509033538/0001193125-09-033538-index.htm,https://www.sec.gov/Archives/edgar/data/14272/000119312509033538/d10k.htm
2008-09-30,BMY,2008-10-23,2008-10-23 11:24:33,Q3,5254000000,1634000000,3620000000,0.6889988580129425,834000000,0.0,1208000000,169000000,2042000000,3676000000,0.0,121000000,709000000,0.13494480395888847,588000000,0.1119147316330415,-19000000,1155000000,0.21983250856490294,308000000,847000000,0.1612105062809288,2.03,2.03,1323645320,1323645320,https://www.sec.gov/Archives/edgar/data/14272/000119312508214965/0001193125-08-214965-index.htm,https://www.sec.gov/Archives/edgar/data/14272/000119312508214965/d10q.htm
2008-06-30,BMY,2008-07-24,2008-07-24 11:28:25,Q2,4913000000,1583000000,3330000000,0.6777936087929982,813000000,0.0,1076000000,-20000000,1889000000,3472000000,0.0,142000000,810000000,0.1648687156523509,668000000,0.13596580500712396,19000000,1138000000,0.2316303684103399,229000000,909000000,0.1850193364543049,0.72,0.72,2555555555,2555555555,https://www.sec.gov/Archives/edgar/data/14272/000119312508157014/0001193125-08-157014-index.htm,https://www.sec.gov/Archives/edgar/data/14272/000119312508157014/d10q.htm
2008-03-31,BMY,2008-04-24,2008-04-24 08:24:23,Q1,5181000000,1657000000,3524000000,0.6801775718973171,795000000,0.0,1223000000,39000000,2018000000,3675000000,0.0,186000000,887000000,0.1712024705655279,701000000,0.13530206523837096,0.0,1290000000,0.24898668210770122,359000000,931000000,0.17969503956765104,0.33,0.33,2821212121,2821212121,https://www.sec.gov/Archives/edgar/data/14272/000119312508088694/0001193125-08-088694-index.htm,https://www.sec.gov/Archives/edgar/data/14272/000119312508088694/d10q.htm
2007-12-31,BMY,2008-02-22,2008-02-21 20:40:21,FY,4894000000,1655000000,3239000000,0.6618308132407029,870000000,0.0,1274000000,331000000,2144000000,3799000000,0.0,169000000,-1348000000,-0.27543931344503475,-1517000000,-0.30997139354311404,-33000000,49000000,0.010012259910093992,118000000,-69000000,-0.01409889660809154,1.1,1.1,2482727272,2482727272,https://www.sec.gov/Archives/edgar/data/14272/000119312508035566/0001193125-08-035566-index.htm,https://www.sec.gov/Archives/edgar/data/14272/000119312508035566/d10k.htm
2007-09-30,BMY,2007-10-25,2007-10-25 16:18:08,Q3,5050000000,1622000000,3428000000,0.6788118811881189,827000000,0.0,1214000000,11000000,2041000000,3663000000,0.0,124000000,1535000000,0.30396039603960395,1411000000,0.27940594059405943,33000000,1411000000,0.27940594059405943,342000000,1069000000,0.21168316831683168,1.15,1.14,2434782608,2456140350,https://www.sec.gov/Archives/edgar/data/14272/000119312507225870/0001193125-07-225870-index.htm,https://www.sec.gov/Archives/edgar/data/14272/000119312507225870/d10q.htm
2007-06-30,BMY,2007-08-01,2007-07-31 20:39:32,Q2,4928000000,1549000000,3379000000,0.6856737012987013,778000000,0.0,1209000000,0.0,1987000000,3536000000,0.0,121000000,1278000000,0.2593344155844156,1157000000,0.23478084415584416,0.0,1157000000,0.23478084415584416,257000000,900000000,0.18262987012987014,0.71,0.71,2438028169,2438028169,https://www.sec.gov/Archives/edgar/data/14272/000119312507167018/0001193125-07-167018-index.htm,https://www.sec.gov/Archives/edgar/data/14272/000119312507167018/d10q.htm
2007-03-31,BMY,2007-05-10,2007-05-10 17:08:40,Q1,4476000000,1392000000,3084000000,0.6890080428954424,807000000,0.0,1158000000,22000000,1965000000,3357000000,0.0,128000000,1045000000,0.23346738159070599,917000000,0.2048704200178731,0.0,917000000,0.2048704200178731,86000000,831000000,0.18565683646112602,0.35,0.35,2374285714,2374285714,https://www.sec.gov/Archives/edgar/data/14272/000119312507110445/0001193125-07-110445-index.htm,https://www.sec.gov/Archives/edgar/data/14272/000119312507110445/d10q.htm
2006-12-31,BMY,2007-02-26,2007-02-26 17:25:27,FY,4213000000,1447000000,2766000000,0.656539283171137,821000000,0.0,1311000000,240000000,2132000000,3579000000,0.0,144000000,10000000,0.0023736055067647755,-134000000,-0.031806313790647994,-59000000,-285000000,-0.06764775694279611,-167000000,-118000000,-0.028008544979824353,0.81,0.81,2500000000,2500000000,https://www.sec.gov/Archives/edgar/data/14272/000119312507039915/0001193125-07-039915-index.htm,https://www.sec.gov/Archives/edgar/data/14272/000119312507039915/d10k.htm
2006-09-30,BMY,2006-11-02,2006-11-02 17:22:09,Q3,4154000000,1465000000,2689000000,0.6473278767453057,756000000,0.0,1189000000,-34000000,1945000000,3410000000,0.0,137000000,475000000,0.114347616754935,338000000,0.08136735676456427,59000000,617000000,0.1485315358690419,193000000,424000000,0.10207029369282619,0.88,0.88,2435227272,2435227272,https://www.sec.gov/Archives/edgar/data/14272/000119312506222282/0001193125-06-222282-index.htm,https://www.sec.gov/Archives/edgar/data/14272/000119312506222282/d10q.htm
2006-06-30,BMY,2006-08-08,2006-08-08 06:08:37,Q2,4871000000,1568000000,3303000000,0.678094847053993,740000000,0.0,1181000000,56000000,1921000000,3489000000,0.0,144000000,811000000,0.1664955861219462,667000000,0.1369328679942517,0.0,1110000000,0.22787928556764525,256000000,854000000,0.17532334222952167,0.71,0.71,2421126760,2421126760,https://www.sec.gov/Archives/edgar/data/14272/000119312506164507/0001193125-06-164507-index.htm,https://www.sec.gov/Archives/edgar/data/14272/000119312506164507/d10q.htm
2006-03-31,BMY,2006-05-08,2006-05-08 17:17:37,Q1,4676000000,1476000000,3200000000,0.6843455945252352,750000000,0.0,1238000000,37000000,1988000000,3464000000,0.0,139000000,853000000,0.18242087254063302,714000000,0.15269461077844312,0.0,1193000000,0.2551325919589393,328000000,865000000,0.18498716852010266,0.36,0.36,2402777777,2402777777,https://www.sec.gov/Archives/edgar/data/14272/000119312506103709/0001193125-06-103709-index.htm,https://www.sec.gov/Archives/edgar/data/14272/000119312506103709/d10q.htm
2005-12-31,BMY,2006-03-14,2006-03-13 17:34:51,FY,5019000000,1595000000,3424000000,0.682207611077904,775000000,0.0,1369000000,-131000000,2144000000,3739000000,0.0,150000000,649000000,0.12930862721657702,499000000,0.09942219565650529,0.0,832000000,0.16577007371986452,178000000,654000000,0.13030484160191272,1.952,1.983,1836065573,1807362581,https://www.sec.gov/Archives/edgar/data/14272/000119312506052456/0001193125-06-052456-index.htm,https://www.sec.gov/Archives/edgar/data/14272/000119312506052456/d10k.htm
2005-09-30,BMY,2005-11-03,2005-11-03 06:09:55,Q3,4767000000,1483000000,3284000000,0.6889028739249003,669000000,0.0,1286000000,38000000,1955000000,3438000000,0.0,133000000,1097000000,0.23012376756870148,964000000,0.20222362072582337,0.0,1626000000,0.3410950283196979,507000000,1119000000,0.23473882945248584,1.28,1.28,2289062500,2289062500,https://www.sec.gov/Archives/edgar/data/14272/000119312505214797/0001193125-05-214797-index.htm,https://www.sec.gov/Archives/edgar/data/14272/000119312505214797/d10q.htm
2005-06-30,BMY,2005-08-03,2005-08-03 17:29:31,Q2,4889000000,1483000000,3406000000,0.6966659848639803,649000000,0.0,1268000000,105000000,1917000000,3400000000,0.0,143000000,1134000000,0.23194927388013908,991000000,0.20269993863775823,0.0,1130000000,0.231131110656576,-21000000,1151000000,0.23542646758028227,0.79,0.79,2292405063,2292405063,https://www.sec.gov/Archives/edgar/data/14272/000119312505156446/0001193125-05-156446-index.htm,https://www.sec.gov/Archives/edgar/data/14272/000119312505156446/d10q.htm
2005-03-31,BMY,2005-05-09,2005-05-09 17:27:39,Q1,4532000000,1367000000,3165000000,0.6983671668137688,653000000,0.0,1183000000,25000000,1836000000,3203000000,0.0,151000000,689000000,0.15203000882612533,538000000,0.11871138570167697,0.0,928000000,0.20476610767872905,268000000,660000000,0.14563106796116504,1.949,1.981,338635197,333165068,https://www.sec.gov/Archives/edgar/data/14272/000119312505101082/0001193125-05-101082-index.htm,https://www.sec.gov/Archives/edgar/data/14272/000119312505101082/d10q.htm
2004-12-31,BMY,2005-03-04,2005-03-03 17:41:09,FY,3342000000,105000000,3237000000,0.9685816876122083,677000000,0.0,1361000000,-10000000,2038000000,1933000000,0.0,166000000,-851000000,-0.2546379413524835,-1017000000,-0.30430879712746856,0.0,1023000000,0.30610412926391384,760000000,263000000,0.0786953919808498,1.942,1.976,1492790937,1467105263,https://www.sec.gov/Archives/edgar/data/14272/000119312505041808/0001193125-05-041808-index.htm,https://www.sec.gov/Archives/edgar/data/14272/000119312505041808/d10k.htm
2004-09-30,BMY,2004-11-09,2004-11-09 15:42:15,Q3,5427000000,2100000000,3327000000,0.6130458817025981,615000000,0.0,1209000000,17000000,1824000000,3924000000,0.0,155000000,1306000000,0.24064860880781277,1151000000,0.21208770960014742,0.0,1151000000,0.21208770960014742,241000000,910000000,0.16768011792887413,1.16,1.14,2272413793,2312280701,https://www.sec.gov/Archives/edgar/data/14272/000119312504191199/0001193125-04-191199-index.htm,https://www.sec.gov/Archives/edgar/data/14272/000119312504191199/d10q.htm
2004-06-30,BMY,2004-08-06,2004-08-05 18:04:54,Q2,5430000000,2095000000,3335000000,0.6141804788213628,625000000,0.0,1212000000,7000000.0,1837000000,3932000000,0.0,139000000,914000000,0.16832412523020257,775000000,0.1427255985267035,-38000000,775000000,0.1427255985267035,120000000,655000000,0.12062615101289134,0.77,0.76,2241558441,2271052631,https://www.sec.gov/Archives/edgar/data/14272/000119312504132825/0001193125-04-132825-index.htm,https://www.sec.gov/Archives/edgar/data/14272/000119312504132825/d10q.htm
2004-03-31,BMY,2004-05-10,2004-05-10 17:16:28,Q1,5181000000,1899000000,3282000000,0.6334684423856398,583000000,0.0,1234000000,38000000,1817000000,3716000000,0.0,133000000,1602000000,0.30920671685002893,1469000000,0.2835359969117931,38000000,1469000000,0.2835359969117931,398000000,1071000000,0.20671685002895193,0.5,0.49,2142000000,2185714285,https://www.sec.gov/Archives/edgar/data/14272/000119312504083808/0001193125-04-083808-index.htm,https://www.sec.gov/Archives/edgar/data/14272/000119312504083808/d10q.htm
2003-12-31,BMY,2004-03-15,2004-03-15 06:53:11,FY,5794000000,2203000000,3591000000,0.6197790818087677,705000000,0.0,1452000000,-119000000,2157000000,4360000000,0.0,166000000,749000000,0.12927166033828097,583000000,0.10062133241284087,0.0,1162000000,0.20055229547808076,356000000,806000000,0.13910942354159475,1.937,1.95,1796076406,1784102564,https://www.sec.gov/Archives/edgar/data/14272/000119312504041353/0001193125-04-041353-index.htm,https://www.sec.gov/Archives/edgar/data/14272/000119312504041353/d10k.htm
2003-09-30,BMY,2003-11-12,2003-11-12 10:07:21,Q3,5337000000,1908000000,3429000000,0.642495784148398,568000000,0.0,1118000000,67000000,1686000000,3594000000,0.0,114000000,998000000,0.18699643994753606,884000000,0.1656361251639498,-231000000,1292000000,0.24208356754731122,317000000,975000000,0.18268690275435637,1.936,1.942,1380681818,1376416065,https://www.sec.gov/Archives/edgar/data/14272/000119312503077700/0001193125-03-077700-index.htm,https://www.sec.gov/Archives/edgar/data/14272/000119312503077700/d10q.htm
2003-06-30,BMY,2003-08-08,2003-08-08 16:50:18,Q2,5052000000,1796000000,3256000000,0.6444972288202692,530000000,0.0,1058000000,143000000,1588000000,3384000000,0.0,106000000,984000000,0.19477434679334918,878000000,0.1737925574030087,143000000,1165000000,0.23060174188440222,248000000,917000000,0.18151227236737927,1.936,1.941,877066115,874806800,https://www.sec.gov/Archives/edgar/data/14272/000119312503031970/0001193125-03-031970-index.htm,https://www.sec.gov/Archives/edgar/data/14272/000119312503031970/d10q.htm
2003-03-31,BMY,2003-05-14,2003-05-14 17:27:33,Q1,4711000000,1685000000,3026000000,0.6423264699639143,476000000,0.0,1032000000,88000000,1508000000,3193000000,0.0,105000000,866000000,0.18382509021439186,761000000,0.16153682869879007,88000000,1075000000,0.22818934408830396,294000000,781000000,0.16578221184461897,1.936,1.94,403409090,402577319,https://www.sec.gov/Archives/edgar/data/14272/000119312503005225/0001193125-03-005225-index.htm,https://www.sec.gov/Archives/edgar/data/14272/000119312503005225/d10q.htm
2002-06-30,BMY,2002-08-14,2002-08-14 13:31:36,Q2,4053000000,1396000000,2657000000,0.6555637799161115,536000000,0.0,941000000,193000000,1477000000,2873000000,0.0,107000000,547000000,0.13496175672341476,440000000,0.10856155933876141,193000000,597000000,0.14729829755736493,157000000,440000000,0.10856155933876141,1.936,1.946,529442148,526721479,https://www.sec.gov/Archives/edgar/data/14272/000095013002005894/0000950130-02-005894-index.htm,https://www.sec.gov/Archives/edgar/data/14272/000095013002005894/d10q.htm
2002-03-31,BMY,2002-05-15,2002-05-15 17:25:39,Q1,4082000000,1391000000,2691000000,0.6592356687898089,512000000,0.0,896000000,165000000,1408000000,2799000000,0.0,105000000,690000000,0.16903478686918177,585000000,0.14331210191082802,165000000,718000000,0.17589416952474277,133000000,585000000,0.14331210191082802,1.935,1.952,302325581,299692622,https://www.sec.gov/Archives/edgar/data/14272/000095013002003706/0000950130-02-003706-index.htm,https://www.sec.gov/Archives/edgar/data/14272/000095013002003706/d10q.htm
2001-12-31,BMY,2002-04-01,2002-04-01 00:00:00,FY,5282000000,1614000000,3668000000,0.6944339265429762,760000000,0.0,1111000000,0.0,1871000000,3485000000,0.0,-52000000,-1101000000,-0.20844377129875047,-1049000000,-0.19859901552442258,0.0,1699000000,0.3216584627035214,-828000000,2527000000,0.4784172661870504,1.94,1.965,1302577319,1286005089,https://www.sec.gov/Archives/edgar/data/14272/000091205702013034/0000912057-02-013034-index.htm,https://www.sec.gov/Archives/edgar/data/14272/000091205702013034/a2074555z10-k405.htm
2001-09-30,BMY,2001-11-14,Not found...,Q3,9452000000,2678000000,6774000000,0.7166737198476513,991000000,0.0,1958000000,0.0,2949000000,5627000000,0.0,348000000,2681000000,0.2836436732966568,2333000000,0.24682606855691916,0.0,-400000000,-0.04231908590774439,843000000,-1243000000,-0.1315065594583157,1.941,1.967,4520000000,4520000000,https://www.sec.gov/Archives/edgar/data/14272/000001427201500024/0000014272-01-500024-index.htm,https://www.sec.gov/Archives/edgar/data/14272/000001427201500024/bmssept.htm
2001-03-31,BMY,2001-05-16,2001-05-16 00:00:00,Q1,4689000000,1283000000,3406000000,0.7263808914480699,508000000,0.0,834000000,0.0,1342000000,2625000000,0.0,185000000,1428000000,0.30454254638515676,1243000000,0.2650885050117296,0.0,1687000000,0.35977820430795476,444000000,1243000000,0.2650885050117296,0.275,0.275,4520000000,4520000000,https://www.sec.gov/Archives/edgar/data/14272/000001427201500007/0000014272-01-500007-index.htm,https://www.sec.gov/Archives/edgar/data/14272/000001427201500007/r10q331.htm
2000-12-31,BMY,2001-04-02,2001-04-02 00:00:00,FY,4784000000,1288000000,3496000000,0.7307692307692307,564000000,0.0,893000000,0.0,1457000000,2745000000,0.0,186000000,1255000000,0.2623327759197324,1069000000,0.2234531772575251,0.0,1446000000,0.30225752508361203,377000000,1069000000,0.2234531772575251,1.965,1.997,2084478371,2051076614,https://www.sec.gov/Archives/edgar/data/14272/000001427201500006/0000014272-01-500006-index.htm,https://www.sec.gov/Archives/edgar/data/14272/000001427201500006/r10k1231.htm
2000-09-30,BMY,2000-11-14,2000-11-14 00:00:00,Q3,2897000000,707000000,2190000000,0.7559544356230583,434000000,0.0,622000000,0.0,1056000000,1763000000,0.0,187000000,37000000,0.01277183293061788,-150000000,-0.05177770107007249,0.0,855000000,0.2951328960994132,140000000,715000000,0.24680704176734553,1.969,1.969,1537328593,1537328593,https://www.sec.gov/Archives/edgar/data/14272/000001427200500007/0000014272-00-500007-index.htm,https://www.sec.gov/Archives/edgar/data/14272/000001427200500007/r10q930.htm
