date,symbol,fillingDate,acceptedDate,period,revenue,costOfRevenue,grossProfit,grossProfitRatio,researchAndDevelopmentExpenses,generalAndAdministrativeExpenses,sellingAndMarketingExpenses,otherExpenses,operatingExpenses,costAndExpenses,interestExpense,depreciationAndAmortization,ebitda,ebitdaratio,operatingIncome,operatingIncomeRatio,totalOtherIncomeExpensesNet,incomeBeforeTax,incomeBeforeTaxRatio,incomeTaxExpense,netIncome,netIncomeRatio,eps,epsdiluted,weightedAverageShsOut,weightedAverageShsOutDil,link,finalLink
2020-03-31,BRKB,2020-05-04,2020-05-04 06:07:05,Q1,61265000000,29116000000,32149000000,0.5247531216844854,0.0,4471000000,0.0,2722000000,4471000000,54339000000,-296000000,2585000000,-60764000000,-0.991822410838162,-63349000000,-1.0340161593079247,2276000000,-63349000000,-1.0340161593079247,-13352000000,-49997000000,-0.8160776952583041,-0.030653,-0.030653,1631063843669,1631063843669,https://www.sec.gov/Archives/edgar/data/1067983/000156459020020599/0001564590-20-020599-index.htm,https://www.sec.gov/Archives/edgar/data/1067983/000156459020020599/brka-10q_20200331.htm
2019-12-31,BRKB,2020-02-24,2020-02-24 06:23:37,FY,65368000000,27277000000,38091000000,0.5827163137926814,0.0,5677000000,0.0,23457000000,29134000000,60118000000,3171000000,2657000000,39218000000,0.599957165586,36561000000,0.559310365928,31311000000,36801000000,0.562981887162,7571000000,29159000000,0.446074531881,17884.0,17884.0,1633946.0,1633946.0,https://www.sec.gov/Archives/edgar/data/1067983/000156459020005874/0001564590-20-005874-index.htm,https://www.sec.gov/Archives/edgar/data/1067983/000156459020005874/brka-10k_20191231.htm
2019-09-30,BRKB,2019-11-04,2019-11-04 06:33:56,Q3,64972000000,26950000000,38022000000,0.5852059348642492,0.0,4384000000,0.0,21548000000,25932000000,56053000000,261000000,2534000000,22087000000,0.339946438466,19553000000,0.300945022471,10926000000,20489000000,0.315351228221,3832000000,16524000000,0.254324939974,10120.0,10120.0,1635903.0,1635903.0,https://www.sec.gov/Archives/edgar/data/1067983/000095012319009995/0000950123-19-009995-index.htm,https://www.sec.gov/Archives/edgar/data/1067983/000095012319009995/brka-10q_20190930.htm
2019-06-30,BRKB,2019-08-05,2019-08-05 06:07:15,Q2,63598000000,27047000000,36551000000,0.5747193307965659,0.0,4829000000,0.0,2680000000,4829000000,56011000000,420000000,2456000000,20215000000,0.317855907418,17759000000,0.279238340828,10048000000,17759000000,0.279238340828,3586000000,14073000000,0.221280543413,8615.0,8615.0,1637378.0,1637378.0,https://www.sec.gov/Archives/edgar/data/1067983/000156459019028491/0001564590-19-028491-index.htm,https://www.sec.gov/Archives/edgar/data/1067983/000156459019028491/brka-10q_20190630.htm
2019-03-31,BRKB,2019-05-06,2019-05-06 06:08:27,Q1,60678000000,25767000000,34911000000,0.575348561257787,0.0,4432000000,0.0,131300000000,135732000000,53521000000,109000000,2417000000,30064000000,0.495467879627,27647000000,0.455634661657,20322000000,27647000000,0.455634661657,5915000000,21661000000,0.356982761462,13209.0,13209.0,1639821.0,1639821.0,https://www.sec.gov/Archives/edgar/data/1067983/000119312519137433/0001193125-19-137433-index.htm,https://www.sec.gov/Archives/edgar/data/1067983/000119312519137433/d728539d10q.htm
2018-12-31,BRKB,2019-02-25,2019-02-25 06:20:28,FY,63714000000,102564000000,-38850000000,-0.6097560975609756,0.0,16689000000,0.0,25903000000,42592000000,57716000000,3776000000,2610000000,-26900000000,-0.42219920268700756,-29510000000,-0.46316351194399974,3210000000,-29510000000,-0.46316351194399974,-7330000000,-22180000000,-0.3481181529962018,-15439.0,-15439.0,1643795.0,1643795.0,https://www.sec.gov/Archives/edgar/data/1067983/000119312519048926/0001193125-19-048926-index.htm,https://www.sec.gov/Archives/edgar/data/1067983/000119312519048926/d678758d10k.htm
2018-09-30,BRKB,2018-11-05,2018-11-05 06:09:31,Q3,63450000000,1273000000,62177000000,0.9799369582348306,0.0,564000000,0.0,21439000000,22003000000,55325000000,60000000,2395000000,25226000000,0.397572892041,22831000000,0.359826635146,14706000000,23147000000,0.364806934594,4440000000,18540000000,0.29219858156,11275.0,11275.0,744126.0,744126.0,https://www.sec.gov/Archives/edgar/data/1067983/000119312518317734/0001193125-18-317734-index.htm,https://www.sec.gov/Archives/edgar/data/1067983/000119312518317734/d636103d10q.htm
2018-06-30,BRKB,2018-08-06,2018-08-06 06:08:28,Q2,62200000000,35660000000,26540000000,0.4266881028938907,0.0,4150000000,0.0,19388000000,16349000000,53791000000,-373000000,2387000000,17158000000,0.275852090032,14771000000,0.237475884244,6362000000,15098000000,0.242733118971,3021000000,12011000000,0.193102893891,7302.0,7302.0,1645008.0,1645008.0,https://www.sec.gov/Archives/edgar/data/1067983/000119312518238892/0001193125-18-238892-index.htm,https://www.sec.gov/Archives/edgar/data/1067983/000119312518238892/d370289d10q.htm
2018-03-31,BRKB,2018-05-07,2018-05-07 06:10:47,Q1,58473000000,25415000000,33058000000,0.5653549501479316,0.0,4024000000,0.0,123406000000,127430000000,52382000000,390000000,2387000000,463000000,0.0079181844612,-1924000000,-0.03290407538522053,1315000000,-1924000000,-0.03290407538522053,-452000000,-1472000000,-0.025174011937133377,-692.0,-692.0,1644958.0,1644958.0,https://www.sec.gov/Archives/edgar/data/1067983/000119312518153460/0001193125-18-153460-index.htm,https://www.sec.gov/Archives/edgar/data/1067983/000119312518153460/d539101d10q.htm
2017-12-31,BRKB,2018-02-26,2018-02-26 06:12:56,FY,58907000000,26154000000,32753000000,0.5560120189451169,0.0,4140000000,0.0,13674000000,17814000000,54654000000,3989000000,2353000000,8744000000,0.148437367376,6391000000,0.108493048364,1340000000,6391000000,0.108493048364,-26265000000,32551000000,0.552582884886,19793.0,19793.0,1644615.0,1644615.0,https://www.sec.gov/Archives/edgar/data/1067983/000119312518057033/0001193125-18-057033-index.htm,https://www.sec.gov/Archives/edgar/data/1067983/000119312518057033/d437858d10k.htm
2017-09-30,BRKB,2017-11-03,2017-11-03 16:17:23,Q3,60525000000,25815000000,34710000000,0.5734820322180917,0.0,3965000000,0.0,14022000000,17987000000,55147000000,435000000,2296000000,7926000000,0.130954151177,5630000000,0.0930194134655,1320000000,5630000000,0.0930194134655,1427000000,4067000000,0.0671953738125,2473.0,2473.0,1644554.0,1644554.0,https://www.sec.gov/Archives/edgar/data/1067983/000119312517332829/0001193125-17-332829-index.htm,https://www.sec.gov/Archives/edgar/data/1067983/000119312517332829/d473873d10q.htm
2017-06-30,BRKB,2017-08-04,2017-08-04 17:02:28,Q2,57518000000,48912000000,8606000000,0.14962272679856742,0.0,7694000000,0.0,10727000000,18421000000,51698000000,866000000,2296000000,8425000000,0.14647588581,6129000000,0.106557947077,1322000000,6129000000,0.106557947077,1774000000,4262000000,0.0740985430648,2591.0,2591.0,1644503.0,1644503.0,https://www.sec.gov/Archives/edgar/data/1067983/000119312517248832/0001193125-17-248832-index.htm,https://www.sec.gov/Archives/edgar/data/1067983/000119312517248832/d415768d10q.htm
2017-03-31,BRKB,2017-05-05,2017-05-05 16:32:23,Q1,65187000000,867000000,64320000000,0.9866998021077822,0.0,442000000,0.0,102991000000,103433000000,59738000000,104000000,2243000000,7931000000,0.121665362726,5688000000,0.0872566616043,1162000000,5688000000,0.0872566616043,1549000000,4060000000,0.0622823569117,2469.0,2469.0,1644425.0,1644425.0,https://www.sec.gov/Archives/edgar/data/1067983/000119312517160889/0001193125-17-160889-index.htm,https://www.sec.gov/Archives/edgar/data/1067983/000119312517160889/d364161d10q.htm
2016-12-31,BRKB,2017-02-27,2017-02-24 21:03:56,FY,57673000000,919000000,56754000000,0.9840653338650669,0.0,438000000,0.0,9987000000,10425000000,49282000000,3190000000,2296000000,11610000000,0.201307370867,9314000000,0.161496714234,441000000,9314000000,0.161496714234,2959000000,6286000000,0.108993809928,-10812.24,-10812.24,1643826.0,1643826.0,https://www.sec.gov/Archives/edgar/data/1067983/000119312517056969/0001193125-17-056969-index.htm,https://www.sec.gov/Archives/edgar/data/1067983/000119312517056969/d303001d10k.htm
2016-09-30,BRKB,2016-11-04,2016-11-04 16:17:28,Q3,59068000000,886000000,58182000000,0.9850003385928083,0.0,465000000,0.0,9525000000,9990000000,48543000000,103000000,2246000000,12771000000,0.216208437733,10525000000,0.178184465362,1276000000,10525000000,0.178184465362,3192000000,7198000000,0.121859551703,4379.0,4379.0,1643716.0,1643716.0,https://www.sec.gov/Archives/edgar/data/1067983/000119312516760194/0001193125-16-760194-index.htm,https://www.sec.gov/Archives/edgar/data/1067983/000119312516760194/d268144d10q.htm
2016-06-30,BRKB,2016-08-05,2016-08-05 16:17:28,Q2,54460000000,31563000000,22897000000,0.4204370179948586,0.0,4066000000,0.0,8355000000,5469000000,47088000000,-481000000,2234000000,9606000000,0.176386338597,7372000000,0.135365405802,1617000000,7372000000,0.135365405802,2290000000,5001000000,0.0918288652222,3042.0,3042.0,1643616.0,1643616.0,https://www.sec.gov/Archives/edgar/data/1067983/000119312516673492/0001193125-16-673492-index.htm,https://www.sec.gov/Archives/edgar/data/1067983/000119312516673492/d210900d10q.htm
2016-03-31,BRKB,2016-05-06,2016-05-06 16:12:04,Q1,52403000000,22796000000,29607000000,0.5649867374005305,0.0,3722000000,0.0,82958000000,86680000000,45947000000,685000000,2125000000,8581000000,0.163750166975,6456000000,0.123199053489,1391000000,6456000000,0.123199053489,799000000,5589000000,0.106654199187,3401.0,3401.0,1643487.0,1643487.0,https://www.sec.gov/Archives/edgar/data/1067983/000119312516582004/0001193125-16-582004-index.htm,https://www.sec.gov/Archives/edgar/data/1067983/000119312516582004/d174504d10q.htm
2015-12-31,BRKB,2016-02-29,2016-02-26 21:02:20,FY,51820000000,21884000000,29936000000,0.5776920108066383,0.0,3546000000,0.0,9542000000,13088000000,44439000000,3124000000,1978000000,9359000000,0.180605943651,7381000000,0.142435353146,1477000000,7381000000,0.142435353146,1834000000,5478000000,0.105712080278,3333.0,3333.0,1643183.0,1643183.0,https://www.sec.gov/Archives/edgar/data/1067983/000119312516483023/0001193125-16-483023-index.htm,https://www.sec.gov/Archives/edgar/data/1067983/000119312516483023/d103603d10k.htm
2015-09-30,BRKB,2015-11-06,2015-11-06 16:17:04,Q3,58989000000,22297000000,36692000000,0.6220142738476665,0.0,3721000000,0.0,9512000000,13233000000,44917000000,83000000,1989000000,16061000000,0.272271101392,14072000000,0.23855295055,1132000000,14072000000,0.23855295055,4545000000,9428000000,0.159826408313,5738.0,5738.0,1643118.0,1643118.0,https://www.sec.gov/Archives/edgar/data/1067983/000119312515370187/0001193125-15-370187-index.htm,https://www.sec.gov/Archives/edgar/data/1067983/000119312515370187/d52687d10q.htm
2015-06-30,BRKB,2015-08-07,2015-08-07 17:06:28,Q2,51368000000,42189000000,9179000000,0.17869101386076935,0.0,6091000000,0.0,10060000000,16151000000,45522000000,-324000000,1941000000,7787000000,0.151592431086,5846000000,0.113806260707,1323000000,5846000000,0.113806260707,1739000000,4013000000,0.0781225665784,2442.0,2442.0,1643018.0,1643018.0,https://www.sec.gov/Archives/edgar/data/1067983/000119312515283231/0001193125-15-283231-index.htm,https://www.sec.gov/Archives/edgar/data/1067983/000119312515283231/d940652d10q.htm
2015-03-31,BRKB,2015-05-01,2015-05-01 17:06:18,Q1,48644000000,659000000,47985000000,0.9864525943590166,0.0,365000000,0.0,79197000000,79562000000,40997000000,632000000,1871000000,9518000000,0.195666474796,7647000000,0.157203354987,1303000000,7647000000,0.157203354987,2414000000,5164000000,0.106159032974,3143.0,3143.0,1642951.0,1642951.0,https://www.sec.gov/Archives/edgar/data/1067983/000119312515166595/0001193125-15-166595-index.htm,https://www.sec.gov/Archives/edgar/data/1067983/000119312515166595/d906176d10q.htm
2014-12-31,BRKB,2015-03-02,2015-02-27 21:32:25,FY,48259000000,715000000,47544000000,0.9851841107358214,0.0,379000000,0.0,9337000000,9716000000,42418000000,-1517000000,1934000000,14322000000,0.296773658799,12388000000,0.256698232454,1117000000,11971000000,0.248057357177,1623000000,4155000000,0.0860979299198,-9553.94,-9553.94,1643456.0,1643456.0,https://www.sec.gov/Archives/edgar/data/1067983/000119312515070966/0001193125-15-070966-index.htm,https://www.sec.gov/Archives/edgar/data/1067983/000119312515070966/d820461d10k.htm
2014-09-30,BRKB,2014-11-07,2014-11-07 17:01:47,Q3,51199000000,762000000,50437000000,0.9851168968143909,0.0,344000000,0.0,14563000000,14907000000,44449000000,597000000,1854000000,2057000000,0.0401765659486,203000000,0.00396492118987,1171000000,620000000,0.0121096115158,2029000000,4617000000,0.0901775425301,2811.0,2811.0,1643657.0,1643657.0,https://www.sec.gov/Archives/edgar/data/1067983/000119312514403605/0001193125-14-403605-index.htm,https://www.sec.gov/Archives/edgar/data/1067983/000119312514403605/d796179d10q.htm
2014-06-30,BRKB,2014-08-01,2014-08-01 17:01:16,Q2,49762000000,692000000,49070000000,0.9860938065190306,0.0,423000000,0.0,9241000000,9664000000,40846000000,1079000000,1810000000,12619000000,0.253587074474,10809000000,0.217213938347,1583000000,9689000000,0.194706804389,2458000000,6395000000,0.128511715767,3889.0,3889.0,1644215.0,1644215.0,https://www.sec.gov/Archives/edgar/data/1067983/000119312514291724/0001193125-14-291724-index.htm,https://www.sec.gov/Archives/edgar/data/1067983/000119312514291724/d747143d10q.htm
2014-03-31,BRKB,2014-05-02,2014-05-02 17:01:07,Q1,45453000000,589000000,44864000000,0.9870415594130201,0.0,377000000,0.0,74712000000,75089000000,38855000000,77000000,1772000000,6477000000,0.142498844961,4705000000,0.10351351946,1155000000,5825000000,0.128154357248,1825000000,4705000000,0.10351351946,2862.0,2862.0,1644059.0,1644059.0,https://www.sec.gov/Archives/edgar/data/1067983/000119312514180321/0001193125-14-180321-index.htm,https://www.sec.gov/Archives/edgar/data/1067983/000119312514180321/d706591d10q.htm
2013-12-31,BRKB,2014-03-03,2014-03-03 06:08:50,FY,47049000000,19997000000,27052000000,0.5749750260366852,0.0,3228000000,0.0,8613000000,11841000000,39817000000,2000000.0,2472000000,7462000000,0.158600607877,4990000000,0.10605963995,1199000000,14225000000,0.302344364386,2169000000,4990000000,0.10605963995,-8806.1,-8806.1,1643613.0,1643613.0,https://www.sec.gov/Archives/edgar/data/1067983/000119312514078778/0001193125-14-078778-index.htm,https://www.sec.gov/Archives/edgar/data/1067983/000119312514078778/d656225d10k.htm
2013-09-30,BRKB,2013-11-01,2013-11-01 17:01:06,Q3,46541000000,19399000000,27142000000,0.5831847188500462,0.0,2909000000,0.0,8790000000,11699000000,39163000000,80000000,1354000000,6407000000,0.137663565458,5053000000,0.108570937453,1119000000,6516000000,0.140005586472,2225000000,5053000000,0.108570937453,3074.0,3074.0,1643522.0,1643522.0,https://www.sec.gov/Archives/edgar/data/1067983/000119312513423169/0001193125-13-423169-index.htm,https://www.sec.gov/Archives/edgar/data/1067983/000119312513423169/d608962d10q.htm
2013-06-30,BRKB,2013-08-02,2013-08-02 17:04:11,Q2,44693000000,19373000000,25320000000,0.5665316716264291,0.0,2926000000,0.0,7829000000,10755000000,37802000000,74000000,1345000000,5886000000,0.131698476271,4541000000,0.101604278075,1610000000,5190000000,0.116125567762,2279000000,4541000000,0.101604278075,2763.0,2763.0,1643391.0,1643391.0,https://www.sec.gov/Archives/edgar/data/1067983/000119312513317399/0001193125-13-317399-index.htm,https://www.sec.gov/Archives/edgar/data/1067983/000119312513317399/d562133d10q.htm
2013-03-31,BRKB,2013-05-03,2013-05-03 17:05:12,Q1,43867000000,18284000000,25583000000,0.5831946565755579,0.0,2854000000,0.0,72039000000,74893000000,36572000000,72000000,1337000000,6229000000,0.141997401236,4892000000,0.111518909431,1011000000,10485000000,0.239017940593,2278000000,4892000000,0.111518909431,2977.0,2977.0,1643181.0,1643181.0,https://www.sec.gov/Archives/edgar/data/1067983/000119312513199397/0001193125-13-199397-index.htm,https://www.sec.gov/Archives/edgar/data/1067983/000119312513199397/d508175d10q.htm
2012-12-31,BRKB,2013-03-01,2013-03-01 16:10:21,FY,44720000000,18127000000,26593000000,0.5946556350626118,0.0,3026000000,0.0,9126000000,12152000000,37966000000,0.0,1332000000,5883000000,0.131551878354,4551000000,0.101766547406,1053000000,10069000000,0.225156529517,2093000000,4551000000,0.101766547406,-6214.02,-6214.02,1651294.0,1651294.0,https://www.sec.gov/Archives/edgar/data/1067983/000119312513087679/0001193125-13-087679-index.htm,https://www.sec.gov/Archives/edgar/data/1067983/000119312513087679/d484968d10k.htm
2012-09-30,BRKB,2012-11-02,2012-11-02 17:16:50,Q3,41050000000,16992000000,24058000000,0.5860657734470158,0.0,2573000000,0.0,8206000000,10779000000,35114000000,52000000,1296000000,2023000000,0.04928136419,727000000,0.0177101096224,994000000,5558000000,0.135395858709,1882000000,3920000000,0.0954933008526,2373.0,2373.0,1651549.0,1651549.0,https://www.sec.gov/Archives/edgar/data/1067983/000119312512449402/0001193125-12-449402-index.htm,https://www.sec.gov/Archives/edgar/data/1067983/000119312512449402/d425185d10q.htm
2012-06-30,BRKB,2012-08-03,2012-08-03 17:01:03,Q2,38546000000,16821000000,21725000000,0.5636123073730088,0.0,2476000000,0.0,6638000000,9114000000,33931000000,78000000,1265000000,7566000000,0.196284958232,6301000000,0.16346702641,1420000000,4736000000,0.122866185856,1384000000,3108000000,0.0806309344679,1881.0,1881.0,1651228.0,1651228.0,https://www.sec.gov/Archives/edgar/data/1067983/000115752312004238/0001157523-12-004238-index.htm,https://www.sec.gov/Archives/edgar/data/1067983/000115752312004238/a50358310.htm
2012-03-31,BRKB,2012-05-04,2012-05-04 17:01:08,Q1,38147000000,15596000000,22551000000,0.5911605106561459,0.0,2428000000,0.0,71699000000,74127000000,33216000000,66000000,1253000000,4498000000,0.11791228668,3245000000,0.0850656670249,1067000000,4810000000,0.25596968438538203,1565000000,3245000000,0.0850656670249,1966.0,1966.0,1650944000000,1650944000000,https://www.sec.gov/Archives/edgar/data/1067983/000115752312002551/0001157523-12-002551-index.htm,https://www.sec.gov/Archives/edgar/data/1067983/000115752312002551/a50258446.htm
2011-12-31,BRKB,2012-02-27,2012-02-27 06:02:29,FY,37955000000,15744000000,22211000000,0.5851929917006982,0.0,2408000000,0.0,7430000000,9838000000,33503000000,-347000000,1265000000,657000000,0.0173099723357,4452000000,0.23282083464072795,1038000000,3960000000,0.104334079831,1261000000,3048000000,0.0803056250823,-4363.86,-4363.86,1649891000000,1649891000000,https://www.sec.gov/Archives/edgar/data/1067983/000119312512079022/0001193125-12-079022-index.htm,https://www.sec.gov/Archives/edgar/data/1067983/000119312512079022/d280149d10k.htm
2011-09-30,BRKB,2011-11-04,2011-11-04 17:16:52,Q3,33739000000,15281000000,18458000000,0.5470820119149945,0.0,2105000000,0.0,6757000000,8862000000,30376000000,162000000,1142000000,4505000000,0.133525000741,3363000000,0.0996769317407,1051000000,3363000000,0.0996769317407,953000000,2278000000,0.0675183022615,1379.0,1379.0,1649585000000,1649585000000,https://www.sec.gov/Archives/edgar/data/1067983/000115752311006500/0001157523-11-006500-index.htm,https://www.sec.gov/Archives/edgar/data/1067983/000115752311006500/a50050868.htm
2011-06-30,BRKB,2011-08-05,2011-08-05 17:16:06,Q2,71994000000,28814000000,43180000000,0.5997722032391588,0.0,4157000000,0.0,14668000000,18825000000,64495000000,331000000,2276000000,9775000000,0.135775203489,7499000000,0.104161457899,1426000000,7499000000,0.104161457899,2354000000,4928000000,0.0684501486235,2989.0,2989.0,1648732000000,1648732000000,https://www.sec.gov/Archives/edgar/data/1067983/000115752311004793/0001157523-11-004793-index.htm,https://www.sec.gov/Archives/edgar/data/1067983/000115752311004793/a6813983.htm
2011-03-31,BRKB,2011-05-06,2011-05-06 17:15:49,Q1,16772000000,19431000000,-2659000000,-0.1585380395897925,0.0,2035000000,0.0,3537000000,5572000000,25003000000,0.0,1135000000,3369000000,0.2008704984497973,2234000000,0.1331981874552826,1277000000,2234000000,0.1331981874552826,629000000,1605000000,0.09569520629620797,0.0,0.0,8219307056,8219307056,https://www.sec.gov/Archives/edgar/data/1067983/000115752311002891/0001157523-11-002891-index.htm,https://www.sec.gov/Archives/edgar/data/1067983/000115752311002891/a6706198.htm
2010-12-31,BRKB,2011-02-28,2011-02-28 10:20:14,FY,17076000000,19542000000,-2466000000,-0.1444132115249473,0.0,2054000000,0.0,3440000000,5494000000,25036000000,0.0,-3109000000,3372000000,0.19747013352073084,6481000000,0.37953853361442963,1167000000,6481000000,0.37953853361442963,2008000000,4473000000,0.2619465917076599,0.0,0.0,5498657974,5498657974,https://www.sec.gov/Archives/edgar/data/1067983/000119312511048914/0001193125-11-048914-index.htm,https://www.sec.gov/Archives/edgar/data/1067983/000119312511048914/d10k.htm
2010-09-30,BRKB,2010-11-05,2010-11-05 17:12:53,Q3,17408000000,19690000000,-2282000000,-0.13108915441176472,0.0,1896000000,0.0,3355000000,5251000000,24941000000,0.0,3109000000,7643000000,0.43905101102941174,4534000000,0.2604549632352941,1239000000,4534000000,0.2604549632352941,1415000000,3119000000,0.1791704963235294,0.0,0.0,3605288660,3605288660,https://www.sec.gov/Archives/edgar/data/1067983/000115752310006675/0001157523-10-006675-index.htm,https://www.sec.gov/Archives/edgar/data/1067983/000115752310006675/a6492698.htm
2010-06-30,BRKB,2010-08-06,2010-08-06 17:10:19,Q2,17210000000,19252000000,-2042000000,-0.11865194654270773,0.0,1915000000,0.0,3145000000,5060000000,24312000000,0.0,-915000000,2023000000,0.11754793724578733,2938000000,0.1707147007553748,1514000000,2938000000,0.1707147007553748,848000000,2090000000,0.12144102266124346,0.0,0.0,2352474757,2352474757,https://www.sec.gov/Archives/edgar/data/1067983/000115752310004882/0001157523-10-004882-index.htm,https://www.sec.gov/Archives/edgar/data/1067983/000115752310004882/a6381775.htm
2010-03-31,BRKB,2010-05-07,2010-05-07 17:16:06,Q1,15531000000,16738000000,-1207000000,-0.07771553666859829,0.0,1839000000,0.0,1993000000,3832000000,20570000000,0.0,915000000,6013000000,0.387161161547872,5098000000,0.3282467323417681,1295000000,5098000000,0.3282467323417681,1336000000,3762000000,0.24222522696542398,0.0,0.0,5166409442,5166409442,https://www.sec.gov/Archives/edgar/data/1067983/000115752310002982/0001157523-10-002982-index.htm,https://www.sec.gov/Archives/edgar/data/1067983/000115752310002982/a6277868.htm
2009-12-31,BRKB,2010-03-01,2010-03-01 06:02:07,FY,16480000000,16296000000,184000000,0.01116504854368932,0.0,2066000000,0.0,283000000,2349000000,18645000000,-29000000,-2315000000,2150000000,0.1304611650485437,4465000000,0.27093446601941745,1112000000,4465000000,0.27093446601941745,1431000000,3034000000,0.18410194174757283,1.551174,1.551174,5166409442,5166409442,https://www.sec.gov/Archives/edgar/data/1067983/000119312510043450/0001193125-10-043450-index.htm,https://www.sec.gov/Archives/edgar/data/1067983/000119312510043450/d10k.htm
2009-09-30,BRKB,2009-11-06,2009-11-06 17:05:02,Q3,16178000000,15694000000,484000000,0.029917171467424897,0.0,2015000000,0.0,65000000,2080000000,17774000000,-29000000,2315000000,7154000000,0.44220546421065643,4839000000,0.29910990233650636,1361000000,4839000000,0.29910990233650636,1601000000,3238000000,0.20014834961058228,1.550986,1.550986,3210860704,3210860704,https://www.sec.gov/Archives/edgar/data/1067983/000115752309007839/0001157523-09-007839-index.htm,https://www.sec.gov/Archives/edgar/data/1067983/000115752309007839/a6089935.htm
2009-06-30,BRKB,2009-08-07,2009-08-07 17:09:53,Q2,15587000000,15083000000,504000000,0.032334637839224994,0.0,2073000000,0.0,-118000000,1955000000,17038000000,-38000000,0.0,4791000000,0.3073715275550138,4791000000,0.3073715275550138,1454000000,4791000000,0.3073715275550138,1520000000,3271000000,0.20985436581766856,1.55061,1.55061,1123428844,1123428844,https://www.sec.gov/Archives/edgar/data/1067983/000115752309005813/0001157523-09-005813-index.htm,https://www.sec.gov/Archives/edgar/data/1067983/000115752309005813/a6021509.htm
2009-03-31,BRKB,2009-05-08,2009-05-08 17:06:54,Q1,14310000000,14313000000,-3000000.0,-0.00020964360587002095,0.0,1963000000,0.0,392000000,2355000000,16668000000,-34000000,0.0,-2543000000,-0.17770789657582112,-2543000000,-0.17770789657582112,1318000000,-2543000000,-0.17770789657582112,-1014000000,-1529000000,-0.10684835779175401,1.549483,1.549483,-986780752,-986780752,https://www.sec.gov/Archives/edgar/data/1067983/000119312509105560/0001193125-09-105560-index.htm,https://www.sec.gov/Archives/edgar/data/1067983/000119312509105560/d10q.htm
2008-12-31,BRKB,2009-03-02,2009-03-02 11:43:28,FY,16439000000,15951000000,488000000,0.029685503984427278,0.0,2282000000,0.0,96000000,2378000000,18329000000,-41000000,0.0,148000000,0.0090029807165886,148000000,0.0090029807165886,1378000000,148000000,0.0090029807165886,0.0,148000000,0.0090029807165886,1.54896,1.54896,4889732465,4889732465,https://www.sec.gov/Archives/edgar/data/1067983/000119312509042055/0001193125-09-042055-index.htm,https://www.sec.gov/Archives/edgar/data/1067983/000119312509042055/d10k.htm
2008-09-30,BRKB,2008-11-07,2008-11-07 17:08:11,Q3,17323000000,16784000000,539000000,0.031114702996016857,0.0,1861000000,0.0,607000000,2468000000,19252000000,-42000000,0.0,1502000000,0.08670553599261098,1502000000,0.08670553599261098,1143000000,1502000000,0.08670553599261098,0.0,1502000000,0.08670553599261098,1.548871,1.548871,4794459964,4794459964,https://www.sec.gov/Archives/edgar/data/1067983/000095015008000030/0000950150-08-000030-index.htm,https://www.sec.gov/Archives/edgar/data/1067983/000095015008000030/v50391e10vq.htm
2008-06-30,BRKB,2008-08-08,2008-08-08 17:18:17,Q2,17332000000,16516000000,816000000,0.04708054465728133,0.0,2049000000,0.0,361000000,2410000000,18926000000,-40000000,0.0,4471000000,0.2579621509346873,4471000000,0.2579621509346873,1261000000,4471000000,0.2579621509346873,0.0,4471000000,0.2579621509346873,1.548688,1.548688,3825173307,3825173307,https://www.sec.gov/Archives/edgar/data/1067983/000095015008000015/0000950150-08-000015-index.htm,https://www.sec.gov/Archives/edgar/data/1067983/000095015008000015/v42777e10vq.htm
2008-03-31,BRKB,2008-05-02,2008-05-02 17:18:28,Q1,14760000000,14692000000,68000000,0.004607046070460705,0.0,1860000000,0.0,724000000,2584000000,17276000000,-33000000,0.0,1453000000,0.09844173441734418,1453000000,0.09844173441734418,1184000000,1453000000,0.09844173441734418,0.0,1453000000,0.09844173441734418,1.548395,1.548395,938391043,938391043,https://www.sec.gov/Archives/edgar/data/1067983/000095014808000131/0000950148-08-000131-index.htm,https://www.sec.gov/Archives/edgar/data/1067983/000095014808000131/a40317e10vq.htm
2007-12-31,BRKB,2008-02-29,2008-02-29 16:41:22,FY,15170000000,14735000000,435000000,0.028675016479894528,0.0,1964000000,0.0,463000000,2427000000,17162000000,-42000000,0.0,-15735000000,-1.0372445616348056,-15735000000,-1.0372445616348056,1301000000,-15735000000,-1.0372445616348056,0.0,-15735000000,-1.0372445616348056,1.545751,1.545751,10183622327,10183622327,https://www.sec.gov/Archives/edgar/data/1067983/000095013408003848/0000950134-08-003848-index.htm,https://www.sec.gov/Archives/edgar/data/1067983/000095013408003848/a38469e10vk.htm
2007-09-30,BRKB,2007-11-02,2007-11-02 17:11:43,Q3,15092000000,14692000000,400000000,0.026504108136761198,0.0,1732000000,0.0,641000000,2373000000,17065000000,-42000000,0.0,6847000000,0.45368407103100983,6847000000,0.45368407103100983,1274000000,6847000000,0.45368407103100983,0.0,6847000000,0.45368407103100983,1.545128,1.545128,10183622327,10183622327,https://www.sec.gov/Archives/edgar/data/1067983/000095013407022672/0000950134-07-022672-index.htm,https://www.sec.gov/Archives/edgar/data/1067983/000095013407022672/a35091e10vq.htm
2007-06-30,BRKB,2007-08-03,2007-08-03 16:43:58,Q2,14758000000,14393000000,365000000,0.024732348556715,0.0,1761000000,0.0,647000000,2408000000,16801000000,-37000000,0.0,4816000000,0.326331481230519,4816000000,0.326331481230519,1284000000,4816000000,0.326331481230519,0.0,4816000000,0.326331481230519,1.544008,1.544008,5756446857,5756446857,https://www.sec.gov/Archives/edgar/data/1067983/000095013407016772/0000950134-07-016772-index.htm,https://www.sec.gov/Archives/edgar/data/1067983/000095013407016772/a32496e10vq.htm
2007-03-31,BRKB,2007-05-04,2007-05-04 16:55:22,Q1,13223000000,13353000000,-130000000,-0.009831354458141118,0.0,1641000000,0.0,847000000,2488000000,15841000000,-43000000,0.0,4072000000,0.3079482719503895,4072000000,0.3079482719503895,1120000000,4072000000,0.3079482719503895,0.0,4072000000,0.3079482719503895,1.542809,1.542809,2639341616,2639341616,https://www.sec.gov/Archives/edgar/data/1067983/000095015007000022/0000950150-07-000022-index.htm,https://www.sec.gov/Archives/edgar/data/1067983/000095015007000022/a29898e10vq.htm
2006-12-31,BRKB,2007-03-01,2007-03-01 16:16:44,FY,13561000000,13167000000,394000000,0.02905390457930831,0.0,1554000000,0.0,727000000,2281000000,15448000000,-45000000,0.0,5262000000,0.38802448197035616,5262000000,0.38802448197035616,1110000000,5262000000,0.38802448197035616,0.0,5262000000,0.38802448197035616,1.541807,1.541807,10882036467,10882036467,https://www.sec.gov/Archives/edgar/data/1067983/000095013407004573/0000950134-07-004573-index.htm,https://www.sec.gov/Archives/edgar/data/1067983/000095013407004573/a27718e10vk.htm
2006-09-30,BRKB,2006-11-03,2006-11-03 17:20:16,Q3,13514000000,13277000000,237000000,0.01753736865472843,0.0,1560000000,0.0,607000000,2167000000,15444000000,-60000000,0.0,4301000000,0.31826254254846825,4301000000,0.31826254254846825,1117000000,4301000000,0.31826254254846825,0.0,4301000000,0.31826254254846825,1.541581,1.541581,7470252941,7470252941,https://www.sec.gov/Archives/edgar/data/1067983/000095013406020444/0000950134-06-020444-index.htm,https://www.sec.gov/Archives/edgar/data/1067983/000095013406020444/a24649e10vq.htm
2006-06-30,BRKB,2006-08-07,2006-08-04 18:17:21,Q2,12736000000,12584000000,152000000,0.01193467336683417,0.0,1440000000,0.0,707000000,2147000000,14731000000,-46000000,0.0,3602000000,0.282820351758794,3602000000,0.282820351758794,1124000000,3602000000,0.282820351758794,0.0,3602000000,0.282820351758794,1.541286,1.541286,4681155865,4681155865,https://www.sec.gov/Archives/edgar/data/1067983/000095013406014893/0000950134-06-014893-index.htm,https://www.sec.gov/Archives/edgar/data/1067983/000095013406014893/a22570e10vq.htm
2006-03-31,BRKB,2006-05-05,2006-05-05 17:23:10,Q1,11992000000,11577000000,415000000,0.03460640426951301,0.0,1378000000,0.0,216000000,1594000000,13171000000,-44000000,0.0,3613000000,0.30128418945963975,3613000000,0.30128418945963975,1031000000,3613000000,0.30128418945963975,0.0,3613000000,0.30128418945963975,1.540935,1.540935,2344680340,2344680340,https://www.sec.gov/Archives/edgar/data/1067983/000095012906005040/0000950129-06-005040-index.htm,https://www.sec.gov/Archives/edgar/data/1067983/000095012906005040/a20113e10vq.htm
2005-12-31,BRKB,2006-03-13,2006-03-10 19:21:39,FY,12345000000,10202000000,2143000000,0.17359254759011747,0.0,1506000000,0.0,0.0,1506000000,11708000000,-35000000,0.0,7688000000,0.6227622519238558,7688000000,0.6227622519238558,948000000,7688000000,0.6227622519238558,0.0,7688000000,0.6227622519238558,1.539775,1.539775,7967397834,7967397834,https://www.sec.gov/Archives/edgar/data/1067983/000095012906002521/0000950129-06-002521-index.htm,https://www.sec.gov/Archives/edgar/data/1067983/000095012906002521/a18139e10vk.htm
2005-09-30,BRKB,2005-11-04,2005-11-04 17:17:43,Q3,22554000000,18807000000,3747000000,0.16613461026868848,0.0,2580000000,0.0,0.0,2580000000,21387000000,-69000000,0.0,2526000000,0.11199787177440809,2526000000,0.11199787177440809,1689000000,2526000000,0.11199787177440809,0.0,2526000000,0.11199787177440809,1.539554,1.539554,2974887532,2974887532,https://www.sec.gov/Archives/edgar/data/1067983/000095012905010572/0000950129-05-010572-index.htm,https://www.sec.gov/Archives/edgar/data/1067983/000095012905010572/a14052e10vq.htm
2005-06-30,BRKB,2005-08-05,2005-08-05 17:24:52,Q2,632000000,445000000,187000000,0.2958860759493671,0.0,-49000000,0.0,0.0,-49000000,396000000,-10000000,0.0,222000000,0.3512658227848101,222000000,0.3512658227848101,64000000,222000000,0.3512658227848101,0.0,222000000,0.3512658227848101,1.539655,1.539655,1334065098,1334065098,https://www.sec.gov/Archives/edgar/data/1067983/000095012905007767/0000950129-05-007767-index.htm,https://www.sec.gov/Archives/edgar/data/1067983/000095012905007767/a11264e10vq.htm
2005-03-31,BRKB,2005-05-09,2005-05-06 19:47:33,Q1,10607000000,8834000000,1773000000,0.167153766380692,0.0,1291000000,0.0,0.0,1291000000,10125000000,-30000000,0.0,1832000000,0.17271613085698123,1832000000,0.17271613085698123,786000000,1832000000,0.17271613085698123,0.0,1832000000,0.17271613085698123,1.5391,1.5391,1190306023,1190306023,https://www.sec.gov/Archives/edgar/data/1067983/000095012905004868/0000950129-05-004868-index.htm,https://www.sec.gov/Archives/edgar/data/1067983/000095012905004868/a08729e10vq.htm
2004-12-31,BRKB,2005-03-15,2005-03-15 14:59:29,FY,10714000000,8737000000,1977000000,0.18452492066455106,0.0,1335000000,0.0,0.0,1335000000,10072000000,-37000000,0.0,4762000000,0.44446518573828636,4762000000,0.44446518573828636,784000000,4762000000,0.44446518573828636,0.0,4762000000,0.44446518573828636,1.537716,1.537716,6957721711,6957721711,https://www.sec.gov/Archives/edgar/data/1067983/000095012905002423/0000950129-05-002423-index.htm,https://www.sec.gov/Archives/edgar/data/1067983/000095012905002423/a06623e10vk.htm
2004-09-30,BRKB,2004-11-08,2004-11-05 18:52:23,Q3,21458000000,17959000000,3499000000,0.16306272718799517,0.0,2413000000,0.0,0.0,2413000000,20372000000,-65000000,0.0,4094000000,0.19079131326311866,4094000000,0.19079131326311866,1359000000,4094000000,0.19079131326311866,0.0,4094000000,0.19079131326311866,1.537538,1.537538,3861367979,3861367979,https://www.sec.gov/Archives/edgar/data/1067983/000095012904008588/0000950129-04-008588-index.htm,https://www.sec.gov/Archives/edgar/data/1067983/000095012904008588/a02862e10vq.htm
2004-06-30,BRKB,2004-08-09,2004-08-06 19:02:01,Q2,988000000,756000000,232000000,0.23481781376518218,0.0,59000000,0.0,0.0,59000000,815000000,-1000000.0,0.0,-319000000,-0.3228744939271255,-319000000,-0.3228744939271255,22000000,-319000000,-0.3228744939271255,0.0,-319000000,-0.3228744939271255,1.537629,1.537629,1198598621,1198598621,https://www.sec.gov/Archives/edgar/data/1067983/000095012904005709/0000950129-04-005709-index.htm,https://www.sec.gov/Archives/edgar/data/1067983/000095012904005709/a00798e10vq.htm
2004-03-31,BRKB,2004-05-10,2004-05-07 18:01:13,Q1,10062000000,8430000000,1632000000,0.16219439475253428,0.0,1182000000,0.0,0.0,1182000000,9612000000,-34000000,0.0,2162000000,0.21486781951898232,2162000000,0.21486781951898232,651000000,2162000000,0.21486781951898232,0.0,2162000000,0.21486781951898232,1.537076,1.537076,1406566754,1406566754,https://www.sec.gov/Archives/edgar/data/1067983/000095012904002994/0000950129-04-002994-index.htm,https://www.sec.gov/Archives/edgar/data/1067983/000095012904002994/a98703e10vq.htm
2003-12-31,BRKB,2004-03-12,2004-03-12 17:23:17,FY,10698000000,8959000000,1739000000,0.1625537483641802,0.0,1088000000,0.0,0.0,1088000000,10047000000,-37000000,520000000,3974000000,0.3714713030472986,3454000000,0.322864086745186,829000000,3454000000,0.322864086745186,0.0,3454000000,0.322864086745186,1.535405,1.535405,7549148270,7549148270,https://www.sec.gov/Archives/edgar/data/1067983/000095015004000327/0000950150-04-000327-index.htm,https://www.sec.gov/Archives/edgar/data/1067983/000095015004000327/a97198e10vk.htm
2003-09-30,BRKB,2003-11-10,2003-11-07 18:46:07,Q3,15060000000,12003000000,3057000000,0.20298804780876495,0.0,2123000000,0.0,0.0,2123000000,14126000000,-73000000,0.0,4892000000,0.3248339973439575,4892000000,0.3248339973439575,1475000000,4892000000,0.3248339973439575,0.0,4892000000,0.3248339973439575,1.535146,1.535146,5300473049,5300473049,https://www.sec.gov/Archives/edgar/data/1067983/000095015003001248/0000950150-03-001248-index.htm,https://www.sec.gov/Archives/edgar/data/1067983/000095015003001248/a94220e10vq.htm
2003-06-30,BRKB,2003-08-11,2003-08-08 18:58:59,Q2,2234000000,1863000000,371000000,0.16606982990152194,0.0,124000000,0.0,0.0,124000000,1987000000,-3000000.0,0.0,776000000,0.34735899731423453,776000000,0.34735899731423453,-72000000,776000000,0.34735899731423453,0.0,776000000,0.34735899731423453,1.535095,1.535095,2113875688,2113875688,https://www.sec.gov/Archives/edgar/data/1067983/000095015003000865/0000950150-03-000865-index.htm,https://www.sec.gov/Archives/edgar/data/1067983/000095015003000865/a92106e10vq.htm
2003-03-31,BRKB,2003-05-12,2003-05-09 18:36:35,Q1,4106000000,2912000000,1194000000,0.29079396005845104,0.0,893000000,0.0,0.0,893000000,3805000000,-40000000,0.0,2469000000,0.6013151485630784,2469000000,0.6013151485630784,866000000,2469000000,0.6013151485630784,0.0,2469000000,0.6013151485630784,1.534802,1.534802,1608676558,1608676558,https://www.sec.gov/Archives/edgar/data/1067983/000095015003000563/0000950150-03-000563-index.htm,https://www.sec.gov/Archives/edgar/data/1067983/000095015003000563/a89906e10vq.htm
2002-12-31,BRKB,2003-03-27,2003-03-27 17:19:22,FY,4790000000,3232000000,1558000000,0.32526096033402924,0.0,967000000,0.0,0.0,967000000,4199000000,-48000000,811000000,2576000000,0.5377870563674322,1765000000,0.3684759916492693,885000000,1765000000,0.3684759916492693,0.0,1765000000,0.3684759916492693,1.533294,1.533294,3990102354,3990102354,https://www.sec.gov/Archives/edgar/data/1067983/000095015003000377/0000950150-03-000377-index.htm,https://www.sec.gov/Archives/edgar/data/1067983/000095015003000377/a88664e10vk.htm
2002-09-30,BRKB,2002-11-13,2002-11-13 10:13:27,Q3,8154000000,5764000000,2390000000,0.29310767721363745,0.0,1567000000,0.0,0.0,1567000000,7331000000,-97000000,0.0,2806000000,0.3441255825361786,2806000000,0.3441255825361786,1493000000,2806000000,0.3441255825361786,0.0,2806000000,0.3441255825361786,1.532928,1.532928,2839663702,2839663702,https://www.sec.gov/Archives/edgar/data/1067983/000095015002001032/0000950150-02-001032-index.htm,https://www.sec.gov/Archives/edgar/data/1067983/000095015002001032/a85813e10vq.htm
