date,symbol,fillingDate,acceptedDate,period,revenue,costOfRevenue,grossProfit,grossProfitRatio,researchAndDevelopmentExpenses,generalAndAdministrativeExpenses,sellingAndMarketingExpenses,otherExpenses,operatingExpenses,costAndExpenses,interestExpense,depreciationAndAmortization,ebitda,ebitdaratio,operatingIncome,operatingIncomeRatio,totalOtherIncomeExpensesNet,incomeBeforeTax,incomeBeforeTaxRatio,incomeTaxExpense,netIncome,netIncomeRatio,eps,epsdiluted,weightedAverageShsOut,weightedAverageShsOutDil,link,finalLink
2020-03-31,CAT,2020-05-06,2020-05-06 13:09:58,Q1,10635000000,7266000000,3369000000,0.3167842031029619,356000000,1121000000,0.0,313000000,1164000000,9231000000,0.0,614000000,2018000000,0.189750822755,1404000000,0.132016925247,313000000,1513000000,0.142266102492,425000000,1092000000,0.102679830748,2.0,1.98,546800000,551100000,https://www.sec.gov/Archives/edgar/data/18230/000001823020000155/0000018230-20-000155-index.htm,https://www.sec.gov/Archives/edgar/data/18230/000001823020000155/cat10q3312020.htm
2019-12-31,CAT,2020-02-19,2020-02-19 14:12:34,FY,13144000000,9117000000,4027000000,0.30637553256238587,386000000,1283000000,0.0,9625000000,11294000000,20411000000,0.0,644000000,2494000000,0.189744370055,1850000000,0.140748630554,325000000,1365000000,0.103849665247,276000000,1098000000,0.0835362142422,2.01,1.99,561600000,567500000,https://www.sec.gov/Archives/edgar/data/18230/000001823020000056/0000018230-20-000056-index.htm,https://www.sec.gov/Archives/edgar/data/18230/000001823020000056/cat10-k12312019.htm
2019-09-30,CAT,2019-10-31,2019-10-31 10:52:48,Q3,12758000000,8569000000,4189000000,0.32834300047029313,431000000,1251000000,0.0,9056000000,10738000000,19307000000,0.0,645000000,2665000000,0.208888540524,2020000000,0.158332026963,298000000,2867000000,0.22472174322,518000000,1494000000,0.1171029942,2.7,2.67,565200000,570800000,https://www.sec.gov/Archives/edgar/data/18230/000001823019000281/0000018230-19-000281-index.htm,https://www.sec.gov/Archives/edgar/data/18230/000001823019000281/cat10q9302019.htm
2019-06-30,CAT,2019-08-01,2019-08-01 11:04:05,Q2,14432000000,9941000000,4491000000,0.3111834811529933,441000000,1309000000,0.0,10469000000,12219000000,22160000000,0.0,647000000,2860000000,0.198170731707,2213000000,0.153339800443,336000000,1708000000,0.118348115299,565000000,1620000000,0.112250554324,2.85,2.83,569900000,575800000,https://www.sec.gov/Archives/edgar/data/18230/000001823019000224/0000018230-19-000224-index.htm,https://www.sec.gov/Archives/edgar/data/18230/000001823019000224/cat10q6302019.htm
2019-03-31,CAT,2019-05-06,2019-05-06 12:20:29,Q1,13466000000,9003000000,4463000000,0.33142729838110796,435000000,1319000000,0.0,9505000000,11259000000,20262000000,0.0,641000000,2848000000,0.211495618595,2207000000,0.163894252191,312000000,1872000000,0.139016783009,387000000,1881000000,0.139685132927,3.29,3.25,572400000,578800000,https://www.sec.gov/Archives/edgar/data/18230/000001823019000153/0000018230-19-000153-index.htm,https://www.sec.gov/Archives/edgar/data/18230/000001823019000153/cat_10qx3312019.htm
2018-12-31,CAT,2019-02-14,2019-02-14 13:25:13,FY,14342000000,9987000000,4355000000,0.3036536047970994,466000000,1463000000,0.0,10530000000,12459000000,22446000000,0.0,701000000,2584000000,0.180170129689,1883000000,0.131292706735,354000000,933000000,0.0650536884674,321000000,1048000000,0.073072095942,1.82,1.81,591400000,599400000,https://www.sec.gov/Archives/edgar/data/18230/000001823019000034/0000018230-19-000034-index.htm,https://www.sec.gov/Archives/edgar/data/18230/000001823019000034/cat_10-kx12312018.htm
2018-09-30,CAT,2018-10-31,2018-10-31 12:14:01,Q3,13510000000,9022000000,4488000000,0.3321983715766099,479000000,1299000000,0.0,9597000000,11375000000,20397000000,0.0,698000000,2833000000,0.209696521095,2135000000,0.158031088083,390000000,1655000000,0.122501850481,415000000,1727000000,0.127831236121,2.92,2.89,595300000,603800000,https://www.sec.gov/Archives/edgar/data/18230/000001823018000293/0000018230-18-000293-index.htm,https://www.sec.gov/Archives/edgar/data/18230/000001823018000293/cat_10qx9302018.htm
2018-06-30,CAT,2018-08-07,2018-08-07 12:17:48,Q2,14011000000,9422000000,4589000000,0.3275283705659839,462000000,1440000000,0.0,9942000000,11844000000,21266000000,0.0,686000000,2853000000,0.203625722646,2167000000,0.15466419242,338000000,1225000000,0.0874313039754,490000000,1707000000,0.121832845621,2.87,2.82,597000000,606100000,https://www.sec.gov/Archives/edgar/data/18230/000001823018000229/0000018230-18-000229-index.htm,https://www.sec.gov/Archives/edgar/data/18230/000001823018000229/cat_10qx6302018.htm
2018-03-31,CAT,2018-05-02,2018-05-02 11:32:39,Q1,12859000000,8566000000,4293000000,0.3338517769655494,443000000,1276000000,0.0,9032000000,10751000000,19317000000,0.0,681000000,2789000000,0.216890893538,2108000000,0.163931876507,300000000,1854000000,0.144179174119,472000000,1665000000,0.129481297146,2.78,2.74,598000000,608000000,https://www.sec.gov/Archives/edgar/data/18230/000001823018000136/0000018230-18-000136-index.htm,https://www.sec.gov/Archives/edgar/data/18230/000001823018000136/cat_10qx3312018.htm
2017-12-31,CAT,2018-02-15,2018-02-15 12:14:45,FY,12896000000,8889000000,4007000000,0.3107165012406948,579000000,1606000000,0.0,9550000000,11735000000,20624000000,0.0,724000000,1885000000,0.146169354839,1161000000,0.0900279156328,499000000,1111000000,0.0861507444169,2418000000,-1299000000,-0.100728908189,-2.21,-2.18,591800000,599300000,https://www.sec.gov/Archives/edgar/data/18230/000001823018000042/0000018230-18-000042-index.htm,https://www.sec.gov/Archives/edgar/data/18230/000001823018000042/cat_10-kx12312017.htm
2017-09-30,CAT,2017-11-01,2017-11-01 11:52:07,Q3,11413000000,7633000000,3780000000,0.33120126171909225,455000000,1237000000,0.0,8144000000,9836000000,17469000000,0.0,723000000,2300000000,0.201524577236,1577000000,0.138175764479,348000000,1523000000,0.133444317883,470000000,1059000000,0.0927889249102,1.79,1.77,590300000,596500000,https://www.sec.gov/Archives/edgar/data/18230/000001823017000305/0000018230-17-000305-index.htm,https://www.sec.gov/Archives/edgar/data/18230/000001823017000305/cat_10qx9302017.htm
2017-06-30,CAT,2017-08-02,2017-08-02 11:47:06,Q2,11331000000,7769000000,3562000000,0.31435883858441444,453000000,1289000000,0.0,8338000000,10080000000,17849000000,0.0,720000000,1971000000,0.173947577442,1251000000,0.1104050834,407000000,1159000000,0.102285764716,361000000,802000000,0.0707792780867,1.36,1.35,588800000,594400000,https://www.sec.gov/Archives/edgar/data/18230/000001823017000245/0000018230-17-000245-index.htm,https://www.sec.gov/Archives/edgar/data/18230/000001823017000245/cat_10qx6302017.htm
2017-03-31,CAT,2017-05-03,2017-05-03 11:43:09,Q1,9822000000,6758000000,3064000000,0.3119527591121971,418000000,1045000000,0.0,7942000000,9405000000,16163000000,0.0,710000000,1127000000,0.114742414987,417000000,0.0424557116677,1025000000,289000000,0.0294237426186,90000000,192000000,0.0195479535736,0.33,0.32,587500000,593200000,https://www.sec.gov/Archives/edgar/data/18230/000001823017000145/0000018230-17-000145-index.htm,https://www.sec.gov/Archives/edgar/data/18230/000001823017000145/cat_10qx3312017.htm
2016-12-31,CAT,2017-02-15,2017-02-15 13:45:35,FY,9574000000,7541000000,2033000000,0.21234593691247128,522000000,1483000000,0.0,8831000000,10836000000,18377000000,0.0,779000000,1325000000,0.13839565489868394,546000000,0.05702945477334447,546000000,-180000000,-0.01880091915604763,-180000000,-1171000000,-0.122310424065,-2.0,-1.99,584300000,584300000,https://www.sec.gov/Archives/edgar/data/18230/000001823017000041/0000018230-17-000041-index.htm,https://www.sec.gov/Archives/edgar/data/18230/000001823017000041/cat_10-kx12312016.htm
2016-09-30,CAT,2016-11-02,2016-11-02 11:50:59,Q3,9160000000,6527000000,2633000000,0.2874454148471616,453000000,992000000,0.0,7234000000,8679000000,15206000000,0.0,761000000,1242000000,0.135589519651,481000000,0.0525109170306,560000000,383000000,0.0418122270742,96000000,283000000,0.0308951965066,0.48,0.48,583800000,588700000,https://www.sec.gov/Archives/edgar/data/18230/000001823016000715/0000018230-16-000715-index.htm,https://www.sec.gov/Archives/edgar/data/18230/000001823016000715/cat_10qx9302016.htm
2016-06-30,CAT,2016-08-03,2016-08-03 11:46:53,Q2,10342000000,7419000000,2923000000,0.28263391993811643,468000000,1123000000,0.0,7966000000,9557000000,16976000000,0.0,754000000,1539000000,0.148810674918,785000000,0.0759040804487,399000000,739000000,0.0714561980275,184000000,550000000,0.0531812028621,0.95,0.94,583400000,588200000,https://www.sec.gov/Archives/edgar/data/18230/000001823016000630/0000018230-16-000630-index.htm,https://www.sec.gov/Archives/edgar/data/18230/000001823016000630/cat_10qx6302016.htm
2016-03-31,CAT,2016-05-02,2016-05-02 12:06:30,Q1,9461000000,6822000000,2639000000,0.2789345735123137,508000000,1088000000,0.0,7371000000,8967000000,15789000000,0.0,740000000,1234000000,0.130430187084,494000000,0.0522143536624,397000000,365000000,0.0385794313498,92000000,271000000,0.0286439065638,0.46,0.46,582800000,587700000,https://www.sec.gov/Archives/edgar/data/18230/000001823016000512/0000018230-16-000512-index.htm,https://www.sec.gov/Archives/edgar/data/18230/000001823016000512/cat_10qx3312016.htm
2015-12-31,CAT,2016-02-16,2016-02-16 11:20:14,FY,11030000000,8183000000,2847000000,0.2581142339075249,553000000,1267000000,0.0,9324000000,11144000000,19327000000,0.0,774000000,660000000,0.0598368087035,994000000,0.0901178603807797,994000000,-128000000,-0.011604714415231188,-128000000,-87000000,-0.0078875793291,-0.12,-0.12,594300000,601300000,https://www.sec.gov/Archives/edgar/data/18230/000001823016000410/0000018230-16-000410-index.htm,https://www.sec.gov/Archives/edgar/data/18230/000001823016000410/cat_10-kx12312015.htm
2015-09-30,CAT,2015-10-30,2015-10-30 11:33:45,Q3,10962000000,7954000000,3008000000,0.274402481299033,534000000,1225000000,0.0,8490000000,10249000000,18203000000,0.0,758000000,1471000000,0.134190841087,713000000,0.0650428753877,394000000,518000000,0.0472541507024,144000000,368000000,0.0335705163291,0.65,0.64,597900000,605300000,https://www.sec.gov/Archives/edgar/data/18230/000001823015000324/0000018230-15-000324-index.htm,https://www.sec.gov/Archives/edgar/data/18230/000001823015000324/cat_10qx9302015.htm
2015-06-30,CAT,2015-07-31,2015-07-31 11:44:10,Q2,12317000000,8762000000,3555000000,0.2886254769830316,532000000,1389000000,0.0,9266000000,11187000000,19949000000,0.0,761000000,1891000000,0.153527644719,1130000000,0.0917431192661,356000000,992000000,0.0805390923114,283000000,710000000,0.0576439067955,1.17,1.17,604100000,611800000,https://www.sec.gov/Archives/edgar/data/18230/000001823015000266/0000018230-15-000266-index.htm,https://www.sec.gov/Archives/edgar/data/18230/000001823015000266/cat_10qx6302015.htm
2015-03-31,CAT,2015-05-01,2015-05-01 16:29:27,Q1,12702000000,8843000000,3859000000,0.3038104235553456,546000000,1318000000,0.0,9311000000,11175000000,20018000000,0.0,753000000,2280000000,0.17949929145,1527000000,0.120217288616,318000000,1555000000,0.122421665879,443000000,1111000000,0.0874665407023,1.84,1.81,604900000,612700000,https://www.sec.gov/Archives/edgar/data/18230/000001823015000161/0000018230-15-000161-index.htm,https://www.sec.gov/Archives/edgar/data/18230/000001823015000161/cat_10qx3312015.htm
2014-12-31,CAT,2015-02-17,2015-02-17 17:15:52,FY,14244000000,10499000000,3745000000,0.26291771974164563,578000000,1522000000,0.0,11081000000,13181000000,23680000000,0.0,795000000,1858000000,0.130440887391,1063000000,0.0746279135074,428000000,2595000000,0.182181971356,179000000,757000000,0.0531451839371,1.26,1.24,617200000,628900000,https://www.sec.gov/Archives/edgar/data/18230/000001823015000061/0000018230-15-000061-index.htm,https://www.sec.gov/Archives/edgar/data/18230/000001823015000061/cat_10-kx12312014.htm
2014-09-30,CAT,2014-10-31,2014-10-31 09:02:00,Q3,13549000000,9634000000,3915000000,0.28895121411174257,533000000,1446000000,0.0,10178000000,12157000000,21791000000,0.0,798000000,2190000000,0.161635545059,1392000000,0.102738209462,387000000,347000000,0.0256107461805,364000000,1017000000,0.0750608901026,1.67,1.64,620600000,632700000,https://www.sec.gov/Archives/edgar/data/18230/000001823014000386/0000018230-14-000386-index.htm,https://www.sec.gov/Archives/edgar/data/18230/000001823014000386/cat_10qx9302014.htm
2014-06-30,CAT,2014-08-01,2014-08-01 11:34:22,Q2,14150000000,10197000000,3953000000,0.27936395759717314,516000000,1437000000,0.0,10722000000,12675000000,22872000000,0.0,789000000,2264000000,0.16,1475000000,0.104240282686,372000000,1120000000,0.0791519434629,419000000,999000000,0.0706007067138,1.59,1.56,626800000,639300000,https://www.sec.gov/Archives/edgar/data/18230/000001823014000285/0000018230-14-000285-index.htm,https://www.sec.gov/Archives/edgar/data/18230/000001823014000285/cat_10qx6302014.htm
2014-03-31,CAT,2014-05-02,2014-05-02 16:38:13,Q1,13241000000,9437000000,3804000000,0.2872894796465524,508000000,1292000000,0.0,10043000000,11843000000,21280000000,0.0,781000000,2179000000,0.164564609924,1398000000,0.10558114946,446000000,1021000000,0.0771089796843,418000000,922000000,0.0696322030058,1.47,1.44,626700000,639300000,https://www.sec.gov/Archives/edgar/data/18230/000001823014000177/0000018230-14-000177-index.htm,https://www.sec.gov/Archives/edgar/data/18230/000001823014000177/cat_10qx3312014.htm
2013-12-31,CAT,2014-02-18,2014-02-18 14:25:26,FY,14402000000,10541000000,3861000000,0.26808776558811276,467000000,1417000000,0.0,11066000000,12950000000,23491000000,0.0,824000000,2276000000,0.158033606444,1452000000,0.100819330649,350000000,1387000000,0.0963060686016,376000000,1003000000,0.0696431051243,1.57,1.54,645200000,658600000,https://www.sec.gov/Archives/edgar/data/18230/000001823014000058/0000018230-14-000058-index.htm,https://www.sec.gov/Archives/edgar/data/18230/000001823014000058/cat_10-kx12312013.htm
2013-09-30,CAT,2013-11-01,2013-11-01 16:12:29,Q3,13423000000,9774000000,3649000000,0.2718468300677941,469000000,1319000000,0.0,10234000000,12022000000,21796000000,0.0,779000000,2180000000,0.162407807495,1401000000,0.104373090963,282000000,1261000000,0.0939432317664,310000000,946000000,0.0704760485733,1.48,1.45,647600000,661300000,https://www.sec.gov/Archives/edgar/data/18230/000001823013000443/0000018230-13-000443-index.htm,https://www.sec.gov/Archives/edgar/data/18230/000001823013000443/cat_10qx9302013.htm
2013-06-30,CAT,2013-08-02,2013-08-02 16:26:55,Q2,14621000000,10773000000,3848000000,0.2631830928117092,548000000,1421000000,0.0,11095000000,13064000000,23837000000,0.0,761000000,2318000000,0.158539087614,1557000000,0.106490664113,137000000,1353000000,0.0925381300869,387000000,960000000,0.0656589836536,1.48,1.45,652400000,666600000,https://www.sec.gov/Archives/edgar/data/18230/000001823013000363/0000018230-13-000363-index.htm,https://www.sec.gov/Archives/edgar/data/18230/000001823013000363/cat_10qx6302013.htm
2013-03-31,CAT,2013-05-02,2013-05-02 13:30:00,Q1,13210000000,9639000000,3571000000,0.27032551097653296,562000000,1390000000,0.0,10040000000,11992000000,21631000000,0.0,723000000,1941000000,0.146934140802,1218000000,0.0922028766086,212000000,1127000000,0.0853141559425,246000000,880000000,0.0666161998486,1.34,1.31,656200000,671600000,https://www.sec.gov/Archives/edgar/data/18230/000001823013000239/0000018230-13-000239-index.htm,https://www.sec.gov/Archives/edgar/data/18230/000001823013000239/cat_10qx3312013.htm
2012-12-31,CAT,2013-02-19,2013-02-19 12:26:30,FY,16075000000,11899000000,4176000000,0.25978227060653186,613000000,1591000000,0.0,12833000000,15037000000,26936000000,0.0,743000000,1781000000,0.110793157076,1038000000,0.0645723172628,156000000,912000000,0.056734059098,214000000,697000000,0.0433592534992,1.07,1.04,652600000,669600000,https://www.sec.gov/Archives/edgar/data/18230/000001823013000075/0000018230-13-000075-index.htm,https://www.sec.gov/Archives/edgar/data/18230/000001823013000075/cat_10-kx12312012.htm
2012-09-30,CAT,2012-11-02,2012-11-02 12:09:57,Q3,16445000000,11639000000,4806000000,0.29224688355123135,634000000,1471000000,0.0,11744000000,13849000000,25488000000,0.0,720000000,3316000000,0.201641836424,2596000000,0.157859531773,-92000000,2450000000,0.148981453329,753000000,1699000000,0.103314077227,2.6,2.54,652000000,669700000,https://www.sec.gov/Archives/edgar/data/18230/000001823012000506/0000018230-12-000506-index.htm,https://www.sec.gov/Archives/edgar/data/18230/000001823012000506/cat_10qx9302012.htm
2012-06-30,CAT,2012-08-06,2012-08-06 11:16:42,Q2,17374000000,12280000000,5094000000,0.29319673074709335,632000000,1517000000,0.0,12609000000,14758000000,27038000000,0.0,689000000,3305000000,0.190226775642,2616000000,0.150569816968,131000000,2576000000,0.148267526189,872000000,1699000000,0.0977898008518,2.6,2.53,651300000,669900000,https://www.sec.gov/Archives/edgar/data/18230/000001823012000409/0000018230-12-000409-index.htm,https://www.sec.gov/Archives/edgar/data/18230/000001823012000409/cat_10qx6302012.htm
2012-03-31,CAT,2012-05-07,2012-05-07 10:58:41,Q1,15981000000,11237000000,4744000000,0.29685251235842564,587000000,1340000000,0.0,11731000000,13658000000,24895000000,0.0,661000000,2984000000,0.186721732057,2323000000,0.145360115137,290000000,2298000000,0.143795757462,689000000,1586000000,0.0992428508854,2.44,2.37,650000000,670200000,https://www.sec.gov/Archives/edgar/data/18230/000001823012000280/0000018230-12-000280-index.htm,https://www.sec.gov/Archives/edgar/data/18230/000001823012000280/cat_10qx3312012.htm
2011-12-31,CAT,2012-02-21,2012-02-21 15:49:01,FY,17243000000,12763000000,4480000000,0.25981557733573046,604000000,1487000000,0.0,13192000000,15283000000,28046000000,0.0,695000000,2655000000,0.153975526301,1960000000,0.113669315084,226000000,1978000000,0.114713216958,416000000,1547000000,0.0897175665487,2.39,2.32,645000000,666100000,https://www.sec.gov/Archives/edgar/data/18230/000110465912011331/0001104659-12-011331-index.htm,https://www.sec.gov/Archives/edgar/data/18230/000110465912011331/a12-2184_110k.htm
2011-09-30,CAT,2011-11-04,2011-11-04 12:29:49,Q3,15716000000,11455000000,4261000000,0.27112496818528886,584000000,1360000000,0.0,12013000000,13957000000,25412000000,0.0,658000000,2417000000,0.153792313566,1759000000,0.111924153729,347000000,1634000000,0.103970475948,474000000,1141000000,0.0726011707814,1.77,1.72,644300000,666100000,https://www.sec.gov/Archives/edgar/data/18230/000110465911060986/0001104659-11-060986-index.htm,https://www.sec.gov/Archives/edgar/data/18230/000110465911060986/a11-24831_110q.htm
2011-06-30,CAT,2011-08-04,2011-08-04 12:24:44,Q2,14230000000,10303000000,3927000000,0.27596626844694305,584000000,1257000000,0.0,10788000000,12629000000,22932000000,0.0,599000000,2200000000,0.154602951511,1601000000,0.112508784259,276000000,1350000000,0.0948699929726,318000000,1015000000,0.0713281799016,1.57,1.52,643300000,666000000,https://www.sec.gov/Archives/edgar/data/18230/000110465911043575/0001104659-11-043575-index.htm,https://www.sec.gov/Archives/edgar/data/18230/000110465911043575/a11-14917_110q.htm
2011-03-31,CAT,2011-05-09,2011-05-09 16:51:12,Q1,12949000000,9057000000,3892000000,0.3005637500965326,525000000,1099000000,0.0,9492000000,11116000000,20173000000,0.0,575000000,2408000000,0.185960305815,1833000000,0.141555332458,232000000,1763000000,0.136149509615,512000000,1225000000,0.0946018997606,1.91,1.84,641400000,664900000,https://www.sec.gov/Archives/edgar/data/18230/000110465911027403/0001104659-11-027403-index.htm,https://www.sec.gov/Archives/edgar/data/18230/000110465911027403/a11-9229_110q.htm
2010-12-31,CAT,2011-02-22,2011-02-22 17:15:14,FY,12807000000,9349000000,3458000000,0.27000858905286174,543000000,1109000000,0.0,9864000000,11516000000,20865000000,0.0,615000000,1906000000,0.148824861404,1291000000,0.100804247677,295000000,1232000000,0.0961973920512,233000000,968000000,0.0755836651831,1.53,1.47,631500000,650400000,https://www.sec.gov/Archives/edgar/data/18230/000110465911008938/0001104659-11-008938-index.htm,https://www.sec.gov/Archives/edgar/data/18230/000110465911008938/a10-18643_110k.htm
2010-09-30,CAT,2010-11-04,2010-11-04 12:43:20,Q3,11134000000,7752000000,3382000000,0.3037542662116041,510000000,1148000000,0.0,8289000000,9947000000,17699000000,0.0,565000000,1752000000,0.157355846955,1187000000,0.106610382612,310000000,1103000000,0.0990659241962,295000000,792000000,0.071133465062,1.25,1.22,629600000,647000000,https://www.sec.gov/Archives/edgar/data/18230/000110465910055930/0001104659-10-055930-index.htm,https://www.sec.gov/Archives/edgar/data/18230/000110465910055930/a10-17894_110q.htm
2010-06-30,CAT,2010-07-30,2010-07-30 13:21:51,Q2,10409000000,7372000000,3037000000,0.2917667403208762,450000000,1059000000,0.0,14050000000,15559000000,22698000000,0.0,562000000,1539000000,0.147852819675,977000000,0.0938610817562,317000000,946000000,0.0908828898069,209000000,707000000,0.0679219905851,1.13,1.1,628100000,645200000,https://www.sec.gov/Archives/edgar/data/18230/000110465910040750/0001104659-10-040750-index.htm,https://www.sec.gov/Archives/edgar/data/18230/000110465910040750/a10-13939_110q.htm
2010-03-31,CAT,2010-05-03,2010-05-03 15:44:49,Q1,8238000000,5894000000,2344000000,0.28453508133042,402000000,932000000,0.0,269000000,1603000000,7730000000,0.0,554000000,1062000000,0.128914785142,508000000,0.0616654527798,269000000,469000000,0.0569312940034,231000000,233000000,0.0282835639718,0.37,0.36,626400000,643500000,https://www.sec.gov/Archives/edgar/data/18230/000001823010000234/0000018230-10-000234-index.htm,https://www.sec.gov/Archives/edgar/data/18230/000001823010000234/form10q_1q10.htm
2009-12-31,CAT,2010-02-19,2010-02-19 12:42:45,FY,7898000000,5852000000,2046000000,0.2590529247910863,355000000,942000000,0.0,383000000,383000000,6235000000,-238000000,703000000,1086000000,0.13750316535831855,383000000,0.04849328944036465,383000000,-91000000,-0.011521904279564447,-91000000,0.0,0.0,1.45,1.45,615000.0,626000.0,https://www.sec.gov/Archives/edgar/data/18230/000001823010000092/0000018230-10-000092-index.htm,https://www.sec.gov/Archives/edgar/data/18230/000001823010000092/form10k_2009.htm
2009-09-30,CAT,2009-10-30,2009-10-30 13:01:01,Q3,7298000000,5255000000,2043000000,0.2799397095094546,327000000,907000000,0.0,276000000,276000000,5531000000,-256000000,561000000,837000000,0.11468895587832283,276000000,0.03781858043299534,276000000,-139000000,-0.019046314058646204,-139000000,0.0,0.0,1.08,1.08,612000.0,620000.0,https://www.sec.gov/Archives/edgar/data/18230/000001823009000466/0000018230-09-000466-index.htm,https://www.sec.gov/Archives/edgar/data/18230/000001823009000466/form10q_3q09.htm
2009-06-30,CAT,2009-07-31,2009-07-31 14:34:59,Q2,7975000000,5752000000,2223000000,0.2787460815047022,351000000,914000000,0.0,339000000,339000000,6091000000,-272000000,538000000,877000000,0.10996865203761755,339000000,0.04250783699059561,339000000,40000000,0.005015673981191223,40000000,0.0,0.0,0.43,0.43,607000.0,614000.0,https://www.sec.gov/Archives/edgar/data/18230/000001823009000279/0000018230-09-000279-index.htm,https://www.sec.gov/Archives/edgar/data/18230/000001823009000279/form10q_2q09.htm
2009-03-31,CAT,2009-05-01,2009-05-01 12:21:58,Q1,9225000000,7027000000,2198000000,0.23826558265582656,388000000,882000000,0.0,824000000,824000000,7851000000,-279000000,534000000,1358000000,0.14720867208672087,824000000,0.08932249322493226,824000000,-80000000,-0.008672086720867209,-80000000,0.0,0.0,-0.19,-0.19,602000000,602000000,https://www.sec.gov/Archives/edgar/data/18230/000001823009000175/0000018230-09-000175-index.htm,https://www.sec.gov/Archives/edgar/data/18230/000001823009000175/form10q_1q09.htm
2008-12-31,CAT,2009-02-20,2009-02-20 14:49:22,FY,12923000000,10066000000,2857000000,0.22107869689700535,507000000,1305000000,0.0,289000000,289000000,10355000000,-299000000,527000000,459000000,0.035518068559931906,-68000000,-0.005261936082952875,856000000,-296000000,-0.022904898243441926,-296000000,0.0,0.0,5.83,5.83,610000.0,627000.0,https://www.sec.gov/Archives/edgar/data/18230/000001823009000063/0000018230-09-000063-index.htm,https://www.sec.gov/Archives/edgar/data/18230/000001823009000063/form10k_2008.htm
2008-09-30,CAT,2008-10-31,2008-10-31 11:20:26,Q3,12981000000,9704000000,3277000000,0.25244588244357136,437000000,1061000000,0.0,315000000,315000000,10019000000,-291000000,501000000,896000000,0.06902395809259687,395000000,0.030429088668053307,138000000,395000000,0.030429088668053307,395000000,0.0,0.0,4.72,4.72,613000.0,613000.0,https://www.sec.gov/Archives/edgar/data/18230/000001823008000375/0000018230-08-000375-index.htm,https://www.sec.gov/Archives/edgar/data/18230/000001823008000375/form10q_3q08.htm
2008-06-30,CAT,2008-08-01,2008-08-01 11:08:01,Q2,13624000000,10036000000,3588000000,0.2633587786259542,415000000,1074000000,0.0,295000000,295000000,10331000000,-279000000,480000000,914000000,0.06708749266001174,434000000,0.031855549031121554,75000000,434000000,0.031855549031121554,434000000,0.0,0.0,3.29,3.29,616000.0,616000.0,https://www.sec.gov/Archives/edgar/data/18230/000001823008000275/0000018230-08-000275-index.htm,https://www.sec.gov/Archives/edgar/data/18230/000001823008000275/form10q_2q08.htm
2008-03-31,CAT,2008-05-02,2008-05-02 13:51:15,Q1,11796000000,8609000000,3187000000,0.2701763309596473,369000000,959000000,0.0,282000000,282000000,8891000000,-284000000,472000000,892000000,0.0756188538487623,420000000,0.03560528992878942,112000000,420000000,0.03560528992878942,420000000,0.0,0.0,1.49,1.49,617000.0,637000.0,https://www.sec.gov/Archives/edgar/data/18230/000001823008000187/0000018230-08-000187-index.htm,https://www.sec.gov/Archives/edgar/data/18230/000001823008000187/form10q_1q08.htm
2007-12-31,CAT,2008-02-22,2008-02-22 13:39:59,FY,12144000000,8920000000,3224000000,0.2654808959156785,357000000,1025000000,0.0,294000000,294000000,9214000000,-293000000,496000000,826000000,0.0680171277997365,330000000,0.02717391304347826,88000000,330000000,0.02717391304347826,330000000,0.0,0.0,0.0,0.0,641000.0,662000.0,https://www.sec.gov/Archives/edgar/data/18230/000001823008000052/0000018230-08-000052-index.htm,https://www.sec.gov/Archives/edgar/data/18230/000001823008000052/form10k_2007.htm
2007-09-30,CAT,2007-11-01,2007-11-01 11:34:25,Q3,11442000000,8270000000,3172000000,0.27722426149274604,357000000,938000000,0.0,275000000,275000000,8545000000,-289000000,452000000,847000000,0.07402552001398358,395000000,0.03452193672434889,51000000,395000000,0.03452193672434889,395000000,0.0,0.0,4.0,4.0,641000.0,662000.0,https://www.sec.gov/Archives/edgar/data/18230/000001823007000489/0000018230-07-000489-index.htm,https://www.sec.gov/Archives/edgar/data/18230/000001823007000489/form10q_3q07.htm
2007-06-30,CAT,2007-08-02,2007-08-02 11:09:49,Q2,11356000000,8300000000,3056000000,0.2691088411412469,350000000,968000000,0.0,246000000,246000000,8546000000,-279000000,437000000,822000000,0.0723846424797464,385000000,0.03390278266995421,70000000,385000000,0.03390278266995421,385000000,0.0,0.0,2.55,2.55,642000.0,664000.0,https://www.sec.gov/Archives/edgar/data/18230/000001823007000415/0000018230-07-000415-index.htm,https://www.sec.gov/Archives/edgar/data/18230/000001823007000415/form10q_2q07.htm
2007-03-31,CAT,2007-05-03,2007-05-03 10:05:53,Q1,10016000000,7136000000,2880000000,0.28753993610223644,340000000,890000000,0.0,239000000,239000000,7375000000,-271000000,412000000,787000000,0.07857428115015974,375000000,0.037440095846645365,111000000,375000000,0.037440095846645365,375000000,0.0,0.0,1.27,1.27,643000.0,665000.0,https://www.sec.gov/Archives/edgar/data/18230/000001823007000304/0000018230-07-000304-index.htm,https://www.sec.gov/Archives/edgar/data/18230/000001823007000304/form10q_1q07.htm
2006-12-31,CAT,2007-02-23,2007-02-23 14:07:22,FY,11003000000,7971000000,3032000000,0.275561210578933,368000000,-2690000000,0.0,233000000,233000000,8204000000,-269000000,382000000,634000000,0.057620648913932565,252000000,0.022902844678723985,49000000,252000000,0.022902844678723985,252000000,0.0,0.0,0.0,0.0,662000.0,688000.0,https://www.sec.gov/Archives/edgar/data/18230/000001823007000053/0000018230-07-000053-index.htm,https://www.sec.gov/Archives/edgar/data/18230/000001823007000053/form10k_2006.htm
2006-09-30,CAT,2006-11-02,2006-11-02 14:18:54,Q3,29216000000,7610000000,21606000000,0.739526286966046,329000000,988000000,0.0,246000000,246000000,7856000000,-266000000,418000000,752000000,0.02573932092004381,334000000,0.011432092004381162,72000000,334000000,0.011432092004381162,334000000,0.0,0.0,4.01,4.01,662000.0,688000.0,https://www.sec.gov/Archives/edgar/data/18230/000001823006000458/0000018230-06-000458-index.htm,https://www.sec.gov/Archives/edgar/data/18230/000001823006000458/form10q_3q06.htm
2006-06-30,CAT,2006-08-02,2006-08-02 11:16:20,Q2,1298000000,13968000000,-12670000000,-9.761171032357472,650000000,1702000000,0.0,492000000,492000000,14460000000,-488000000,402000000,1221000000,0.940677966101695,819000000,0.6309707241910631,93000000,819000000,0.6309707241910631,819000000,0.0,0.0,2.83,2.83,666000.0,693000.0,https://www.sec.gov/Archives/edgar/data/18230/000001823006000382/0000018230-06-000382-index.htm,https://www.sec.gov/Archives/edgar/data/18230/000001823006000382/form10q_2q06.htm
2006-03-31,CAT,2006-05-03,2006-05-03 11:40:34,Q1,9392000000,6552000000,2840000000,0.3023850085178876,307000000,821000000,0.0,262000000,262000000,6814000000,-232000000,400000000,770000000,0.081984667802385,370000000,0.03939522998296423,43000000,370000000,0.03939522998296423,370000000,0.0,0.0,1.25,1.25,672000.0,699000.0,https://www.sec.gov/Archives/edgar/data/18230/000001823006000237/0000018230-06-000237-index.htm,https://www.sec.gov/Archives/edgar/data/18230/000001823006000237/form10q_1q06.htm
2006-02-22,CAT,2006-02-22,2006-02-22 17:28:58,FY,9663000000,6906000000,2757000000,0.28531511952809685,290000000,882000000,0.0,301000000,301000000,7207000000,-217000000,364000000,634000000,0.06561109386318949,270000000,0.027941633033219497,99000000,270000000,0.027941633033219497,270000000,0.0,0.0,4.21,4.21,678000.0,705000.0,https://www.sec.gov/Archives/edgar/data/18230/000001823006000139/0000018230-06-000139-index.htm,https://www.sec.gov/Archives/edgar/data/18230/000001823006000139/form10k_2005.htm
2005-09-30,CAT,2005-11-04,2005-11-04 10:22:45,Q3,8977000000,6547000000,2430000000,0.2706917678511752,285000000,775000000,0.0,233000000,233000000,6780000000,-197000000,410000000,713000000,0.0794251977275259,303000000,0.03375292413946753,80000000,303000000,0.03375292413946753,303000000,0.0,0.0,2.95,2.95,680000.0,707000.0,https://www.sec.gov/Archives/edgar/data/18230/000001823005000719/0000018230-05-000719-index.htm,https://www.sec.gov/Archives/edgar/data/18230/000001823005000719/form10q_3q05.htm
2005-06-30,CAT,2005-08-04,2005-08-04 16:42:22,Q2,9360000000,6890000000,2470000000,0.2638888888888889,268000000,789000000,0.0,208000000,208000000,7098000000,-184000000,331000000,646000000,0.06901709401709402,315000000,0.03365384615384615,90000000,315000000,0.03365384615384615,315000000,0.0,0.0,1.97,1.97,680000.0,707000.0,https://www.sec.gov/Archives/edgar/data/18230/000001823005000553/0000018230-05-000553-index.htm,https://www.sec.gov/Archives/edgar/data/18230/000001823005000553/form10q_2q05.htm
2005-03-31,CAT,2005-05-06,2005-05-06 14:29:12,Q1,8339000000,6215000000,2124000000,0.25470679937642404,241000000,744000000,0.0,213000000,213000000,6428000000,-170000000,372000000,604000000,0.07243074709197746,232000000,0.027821081664468162,108000000,232000000,0.027821081664468162,232000000,0.0,0.0,1.7,1.7,342000.0,356000.0,https://www.sec.gov/Archives/edgar/data/18230/000001823005000382/0000018230-05-000382-index.htm,https://www.sec.gov/Archives/edgar/data/18230/000001823005000382/form10q_1q05.htm
2005-02-22,CAT,2005-02-24,2005-02-24 16:42:01,FY,8571000000,6468000000,2103000000,0.24536226811340567,243000000,849000000,0.0,162000000,162000000,6630000000,-153000000,342000000,524000000,0.061136390152840975,182000000,0.021234395053085987,69000000,182000000,0.021234395053085987,182000000,0.0,0.0,5.95,5.95,342000.0,353000.0,https://www.sec.gov/Archives/edgar/data/18230/000001823005000218/0000018230-05-000218-index.htm,https://www.sec.gov/Archives/edgar/data/18230/000001823005000218/form10k_2004.htm
2004-09-30,CAT,2004-11-08,2004-11-08 15:01:18,Q3,7649000000,5714000000,1935000000,0.25297424499934634,238000000,728000000,0.0,140000000,140000000,5854000000,-129000000,352000000,534000000,0.06981304745718395,182000000,0.023793959994770558,45000000,182000000,0.023793959994770558,182000000,0.0,0.0,4.34,4.34,342000.0,354000.0,https://www.sec.gov/Archives/edgar/data/18230/000001823004000634/0000018230-04-000634-index.htm,https://www.sec.gov/Archives/edgar/data/18230/000001823004000634/form10q_3q04.htm
2004-06-30,CAT,2004-08-09,2004-08-09 14:23:43,Q2,7564000000,5539000000,2025000000,0.26771549444738235,233000000,771000000,0.0,138000000,138000000,5677000000,-120000000,353000000,562000000,0.07429931253305129,209000000,0.02763088313061872,43000000,209000000,0.02763088313061872,209000000,0.0,0.0,2.81,2.81,342000.0,355000.0,https://www.sec.gov/Archives/edgar/data/18230/000001823004000492/0000018230-04-000492-index.htm,https://www.sec.gov/Archives/edgar/data/18230/000001823004000492/form10q_2q04.htm
2004-03-31,CAT,2004-05-10,2004-05-10 16:30:06,Q1,6467000000,4699000000,1768000000,0.2733879696922839,214000000,724000000,0.0,138000000,138000000,4837000000,-118000000,350000000,508000000,0.07855265192515849,158000000,0.024431730323179218,47000000,158000000,0.024431730323179218,158000000,0.0,0.0,0.0,0.0,345000.0,345000.0,https://www.sec.gov/Archives/edgar/data/18230/000001823004000302/0000018230-04-000302-index.htm,https://www.sec.gov/Archives/edgar/data/18230/000001823004000302/form1q_1q04.htm
2003-12-31,CAT,2004-03-10,2004-03-10 14:17:24,FY,6465000000,4843000000,1622000000,0.2508894044856922,175000000,669000000,0.0,163000000,163000000,5006000000,-116000000,339000000,464000000,0.07177107501933488,125000000,0.019334880123743233,20000000,125000000,0.019334880123743233,125000000,0.0,0.0,3.18,3.18,345000.0,345000.0,https://www.sec.gov/Archives/edgar/data/18230/000001823004000161/0000018230-04-000161-index.htm,https://www.sec.gov/Archives/edgar/data/18230/000001823004000161/form10k_2003.htm
2003-09-30,CAT,2003-11-14,2003-11-14 10:06:11,Q3,5545000000,4143000000,1402000000,0.2528403967538323,173000000,627000000,0.0,110000000,110000000,4253000000,-116000000,337000000,406000000,0.07321911632100991,69000000,0.012443642921550946,-31000000,69000000,0.012443642921550946,69000000,0.0,0.0,0.0,0.0,0.0,0.0,https://www.sec.gov/Archives/edgar/data/18230/000001823003000495/0000018230-03-000495-index.htm,https://www.sec.gov/Archives/edgar/data/18230/000001823003000495/form10q_3q03.htm
2003-06-30,CAT,2003-08-14,2003-08-14 10:16:32,Q2,5932000000,4435000000,1497000000,0.25236008091706,169000000,498000000,0.0,126000000,126000000,4561000000,-118000000,375000000,530000000,0.08934592043155766,155000000,0.02612946729602158,33000000,155000000,0.02612946729602158,155000000,0.0,0.0,0.0,0.0,0.0,0.0,https://www.sec.gov/Archives/edgar/data/18230/000001823003000402/0000018230-03-000402-index.htm,https://www.sec.gov/Archives/edgar/data/18230/000001823003000402/form10q_2q2003.htm
2003-03-31,CAT,2003-05-14,2003-05-14 16:15:17,Q1,4821000000,3524000000,1297000000,0.2690313213026343,152000000,676000000,0.0,122000000,122000000,3646000000,-120000000,296000000,345000000,0.0715619166148102,49000000,0.010163866417755652,13000000,49000000,0.010163866417755652,49000000,0.0,0.0,0.0,0.0,0.0,0.0,https://www.sec.gov/Archives/edgar/data/18230/000001823003000208/0000018230-03-000208-index.htm,https://www.sec.gov/Archives/edgar/data/18230/000001823003000208/form10q_1q2003.htm
2002-12-31,CAT,2003-03-31,2003-03-31 17:10:42,FY,0.0,76000000,-76000000,0.0,0.0,0.0,0.0,0.0,0.0,76000000,0.0,-910000000,-910000000,0.0,0.0,0.0,0.0,0.0,0.0,0.0,0.0,0.0,0.0,0.0,343000.0,343000.0,https://www.sec.gov/Archives/edgar/data/18230/000001823003000130/0000018230-03-000130-index.htm,https://www.sec.gov/Archives/edgar/data/18230/000001823003000130/form10k_2002.htm
2002-09-30,CAT,2002-11-13,2002-11-13 10:06:35,Q3,5075000000,3690000000,1385000000,0.2729064039408867,167000000,646000000,0.0,108000000,108000000,3798000000,-135000000,312000000,383000000,0.0754679802955665,71000000,0.013990147783251231,20000000,71000000,0.013990147783251231,71000000,0.0,0.0,1.43,1.43,343000.0,343000.0,https://www.sec.gov/Archives/edgar/data/18230/000001823002000093/0000018230-02-000093-index.htm,https://www.sec.gov/Archives/edgar/data/18230/000001823002000093/form10q_3q2002.htm
2002-06-30,CAT,2002-08-14,2002-08-13 17:44:34,Q2,9050000000,6548000000,2502000000,0.2764640883977901,357000000,1269000000,0.0,192000000,192000000,6740000000,-258000000,302000000,427000000,0.04718232044198895,125000000,0.013812154696132596,-7000000.0,125000000,0.013812154696132596,125000000,0.0,0.0,0.81,0.81,343000.0,343000.0,https://www.sec.gov/Archives/edgar/data/18230/000001823002000051/0000018230-02-000051-index.htm,https://www.sec.gov/Archives/edgar/data/18230/000001823002000051/form10q_2q2002.htm
2002-03-31,CAT,2002-05-07,2002-05-07 10:32:32,Q1,650000000,513000000,137000000,0.21076923076923076,0.0,0.0,0.0,0.0,0.0,513000000,0.0,296000000,296000000,0.4553846153846154,0.0,0.0,0.0,0.0,0.0,0.0,0.0,0.0,0.0,0.0,343000.0,343000.0,https://www.sec.gov/Archives/edgar/data/18230/000001823002000035/0000018230-02-000035-index.htm,https://www.sec.gov/Archives/edgar/data/18230/000001823002000035/form10q_1q2002.htm
2001-12-31,CAT,2002-03-22,2002-03-22 00:00:00,FY,5096000000,3666000000,1430000000,0.28061224489795916,190000000,653000000,0.0,245000000,245000000,3911000000,-139000000,297000000,367000000,0.07201726844583987,70000000,0.013736263736263736,97000000,70000000,0.013736263736263736,70000000,0.0,0.0,2.35,2.35,343000.0,343000.0,https://www.sec.gov/Archives/edgar/data/18230/000001823002000014/0000018230-02-000014-index.htm,https://www.sec.gov/Archives/edgar/data/18230/000001823002000014/form10k_2001.htm
2001-09-30,CAT,2001-11-01,2001-11-01 00:00:00,Q3,5056000000,3669000000,1387000000,0.2743275316455696,167000000,638000000,0.0,80000000,80000000,3749000000,-161000000,290000000,384000000,0.0759493670886076,94000000,0.018591772151898733,23000000,94000000,0.018591772151898733,94000000,0.0,0.0,1.86,1.86,343000.0,343000.0,https://www.sec.gov/Archives/edgar/data/18230/000001823001500098/0000018230-01-500098-index.htm,https://www.sec.gov/Archives/edgar/data/18230/000001823001500098/form10q3q2001.htm
2001-06-30,CAT,2001-08-09,2001-08-09 00:00:00,Q2,5488000000,3955000000,1533000000,0.27933673469387754,172000000,655000000,0.0,73000000,73000000,4028000000,-175000000,293000000,421000000,0.07671282798833819,128000000,0.023323615160349854,19000000,128000000,0.023323615160349854,128000000,0.0,0.0,1.26,1.26,343000.0,343000.0,https://www.sec.gov/Archives/edgar/data/18230/000001823001500073/0000018230-01-500073-index.htm,https://www.sec.gov/Archives/edgar/data/18230/000001823001500073/form10q2q2001.htm
2001-03-31,CAT,2001-05-01,2001-05-01 00:00:00,Q1,4810000000,3462000000,1348000000,0.28024948024948027,167000000,621000000,0.0,69000000,69000000,3531000000,-182000000,289000000,364000000,0.07567567567567568,75000000,0.015592515592515593,4000000.0,75000000,0.015592515592515593,75000000,0.0,0.0,0.47,0.47,0.0,0.0,https://www.sec.gov/Archives/edgar/data/18230/000001823001500042/0000018230-01-500042-index.htm,https://www.sec.gov/Archives/edgar/data/18230/000001823001500042/tenq1stqtr.htm
2000-12-31,CAT,2001-03-15,2001-03-15 00:00:00,FY,1262000000,14497000000,-13235000000,-10.487321711568939,649000000,2604000000,0.0,83000000,3253000000,17750000000,-688000000,253000000,700000000,0.554675118858954,447000000,0.3541996830427892,83000000,447000000,0.3541996830427892,447000000,0.0,0.0,3.04,3.04,0.0,0.0,https://www.sec.gov/Archives/edgar/data/18230/000001823001500017/0000018230-01-500017-index.htm,https://www.sec.gov/Archives/edgar/data/18230/000001823001500017/tenk.htm
2000-09-30,CAT,2000-11-14,2000-11-14 00:00:00,Q3,9698000000,7029000000,2669000000,0.2752113837904723,316000000,1287000000,0.0,66000000,1603000000,8632000000,-339000000,255000000,423000000,0.04361724066817901,168000000,0.017323159414312228,66000000,168000000,0.017323159414312228,168000000,0.0,0.0,2.27,2.27,0.0,0.0,https://www.sec.gov/Archives/edgar/data/18230/000001823000500025/0000018230-00-500025-index.htm,https://www.sec.gov/Archives/edgar/data/18230/000001823000500025/thirdquarter.htm
