date,symbol,fillingDate,acceptedDate,period,revenue,costOfRevenue,grossProfit,grossProfitRatio,researchAndDevelopmentExpenses,generalAndAdministrativeExpenses,sellingAndMarketingExpenses,otherExpenses,operatingExpenses,costAndExpenses,interestExpense,depreciationAndAmortization,ebitda,ebitdaratio,operatingIncome,operatingIncomeRatio,totalOtherIncomeExpensesNet,incomeBeforeTax,incomeBeforeTaxRatio,incomeTaxExpense,netIncome,netIncomeRatio,eps,epsdiluted,weightedAverageShsOut,weightedAverageShsOutDil,link,finalLink
2020-03-31,CL,2020-05-01,2020-05-01 07:40:17,Q1,4097000000,1632000000,2465000000,0.6016597510373444,0.0,1473000000,0.0,40000000,1473000000,3105000000,0.0,133000000,1085000000,0.26482792287,952000000,0.232365145228,40000000,895000000,0.218452526239,147000000,715000000,0.174517939956,0.83,0.83,856900000,858400000,https://www.sec.gov/Archives/edgar/data/21665/000002166520000007/0000021665-20-000007-index.htm,https://www.sec.gov/Archives/edgar/data/21665/000002166520000007/cl-3312020x10q.htm
2019-12-31,CL,2020-02-21,2020-02-21 16:53:42,FY,4015000000,1601000000,2414000000,0.6012453300124533,281000000,1412000000,0.0,71000000,1693000000,3294000000,0.0,133000000,1064000000,0.26500622665,931000000,0.231880448319,71000000,870000000,0.216687422167,188000000,643000000,0.160149439601,0.76,0.75,859100000,861100000,https://www.sec.gov/Archives/edgar/data/21665/000002166520000004/0000021665-20-000004-index.htm,https://www.sec.gov/Archives/edgar/data/21665/000002166520000004/cl-12312019x10k.htm
2019-09-30,CL,2019-11-01,2019-11-01 09:24:29,Q3,3928000000,1612000000,2316000000,0.5896130346232179,0.0,1429000000,0.0,31000000,1429000000,3041000000,0.0,130000000,986000000,0.251018329939,856000000,0.217922606925,31000000,794000000,0.202138492872,167000000,578000000,0.147148676171,0.67,0.67,860100000,862400000,https://www.sec.gov/Archives/edgar/data/21665/000002166519000022/0000021665-19-000022-index.htm,https://www.sec.gov/Archives/edgar/data/21665/000002166519000022/cl-9302019x10q.htm
2019-06-30,CL,2019-07-26,2019-07-26 09:20:56,Q2,3866000000,1558000000,2308000000,0.5969994826694258,0.0,1369000000,0.0,51000000,1369000000,2927000000,0.0,128000000,1016000000,0.262803931712,888000000,0.229694774961,51000000,823000000,0.212881531298,205000000,586000000,0.151577858251,0.68,0.68,860700000,862700000,https://www.sec.gov/Archives/edgar/data/21665/000002166519000020/0000021665-19-000020-index.htm,https://www.sec.gov/Archives/edgar/data/21665/000002166519000020/cl-6302019x10q.htm
2019-03-31,CL,2019-04-26,2019-04-26 10:00:14,Q1,3884000000,1597000000,2287000000,0.5888259526261586,0.0,1365000000,0.0,43000000,1365000000,2962000000,0.0,128000000,1007000000,0.259268795057,879000000,0.2263130793,43000000,814000000,0.209577754892,214000000,560000000,0.144181256437,0.65,0.65,862000000,863200000,https://www.sec.gov/Archives/edgar/data/21665/000002166519000007/0000021665-19-000007-index.htm,https://www.sec.gov/Archives/edgar/data/21665/000002166519000007/cl-3312019x10q.htm
2018-12-31,CL,2019-02-21,2019-02-21 16:13:44,FY,3811000000,1558000000,2253000000,0.5911834164261349,277000000,1328000000,0.0,34000000,1605000000,3163000000,0.0,126000000,1017000000,0.266859092102,891000000,0.2337969037,34000000,832000000,0.218315402781,189000000,606000000,0.159013382314,0.7,0.7,870600000,873000000,https://www.sec.gov/Archives/edgar/data/21665/000002166519000003/0000021665-19-000003-index.htm,https://www.sec.gov/Archives/edgar/data/21665/000002166519000003/cl-12312018x10k.htm
2018-09-30,CL,2018-10-26,2018-10-26 09:02:55,Q3,3845000000,1576000000,2269000000,0.5901170351105332,0.0,1369000000,0.0,26000000,1369000000,2945000000,0.0,127000000,1001000000,0.26033810143,874000000,0.227308192458,26000000,820000000,0.213263979194,258000000,523000000,0.136020806242,0.6,0.6,871900000,875000000,https://www.sec.gov/Archives/edgar/data/21665/000002166518000018/0000021665-18-000018-index.htm,https://www.sec.gov/Archives/edgar/data/21665/000002166518000018/cl-9302018x10q.htm
2018-06-30,CL,2018-07-27,2018-07-27 09:04:45,Q2,3886000000,1585000000,2301000000,0.5921255790015441,0.0,1300000000,0.0,55000000,1300000000,2885000000,0.0,129000000,1075000000,0.276634071024,946000000,0.243437982501,55000000,888000000,0.228512609367,213000000,637000000,0.163921770458,0.74,0.73,873500000,877000000,https://www.sec.gov/Archives/edgar/data/21665/000002166518000015/0000021665-18-000015-index.htm,https://www.sec.gov/Archives/edgar/data/21665/000002166518000015/cl-6302018x10q.htm
2018-03-31,CL,2018-04-27,2018-04-27 09:03:09,Q1,4002000000,1594000000,2408000000,0.6016991504247876,0.0,1392000000,0.0,33000000,1392000000,2986000000,0.0,129000000,1112000000,0.277861069465,983000000,0.245627186407,33000000,924000000,0.230884557721,246000000,634000000,0.158420789605,0.72,0.72,875400000,879900000,https://www.sec.gov/Archives/edgar/data/21665/000002166518000008/0000021665-18-000008-index.htm,https://www.sec.gov/Archives/edgar/data/21665/000002166518000008/cl-3312018x10q.htm
2017-12-31,CL,2018-02-15,2018-02-15 14:33:07,FY,3892000000,1564000000,2328000000,0.5981500513874615,285000000,1373000000,0.0,31000000,1658000000,3222000000,0.0,121000000,1045000000,0.268499486125,924000000,0.237410071942,31000000,896000000,0.230215827338,543000000,323000000,0.0829907502569,0.37,0.37,881800000,887800000,https://www.sec.gov/Archives/edgar/data/21665/000002166518000003/0000021665-18-000003-index.htm,https://www.sec.gov/Archives/edgar/data/21665/000002166518000003/cl-12312017x10k.htm
2017-09-30,CL,2017-10-27,2017-10-27 08:58:13,Q3,3974000000,1591000000,2383000000,0.5996477101157524,0.0,1429000000,0.0,27000000,1429000000,3020000000,0.0,128000000,1055000000,0.265475591344,927000000,0.233266230498,27000000,900000000,0.226472068445,250000000,607000000,0.152742828384,0.69,0.68,883000000,889300000,https://www.sec.gov/Archives/edgar/data/21665/000002166517000014/0000021665-17-000014-index.htm,https://www.sec.gov/Archives/edgar/data/21665/000002166517000014/cl-9302017x10q.htm
2017-06-30,CL,2017-07-21,2017-07-21 08:56:35,Q2,3826000000,1526000000,2300000000,0.6011500261369577,0.0,1333000000,0.0,114000000,1333000000,2859000000,0.0,117000000,970000000,0.253528489284,853000000,0.222948248824,114000000,829000000,0.216675378986,269000000,524000000,0.136957658129,0.6,0.59,884200000,890900000,https://www.sec.gov/Archives/edgar/data/21665/000002166517000012/0000021665-17-000012-index.htm,https://www.sec.gov/Archives/edgar/data/21665/000002166517000012/cl-6302017x10q.htm
2017-03-31,CL,2017-04-28,2017-04-28 09:13:03,Q1,3762000000,1493000000,2269000000,0.603136629452419,0.0,1362000000,0.0,22000000,1362000000,2855000000,0.0,109000000,994000000,0.264221158958,885000000,0.235247208931,22000000,862000000,0.22913343966,251000000,570000000,0.151515151515,0.64,0.64,884700000,891000000,https://www.sec.gov/Archives/edgar/data/21665/000002166517000006/0000021665-17-000006-index.htm,https://www.sec.gov/Archives/edgar/data/21665/000002166517000006/cl-3312017x10q.htm
2016-12-31,CL,2017-02-23,2017-02-23 16:08:16,FY,3721000000,1474000000,2247000000,0.6038699274388605,289000000,1253000000,0.0,39000000,1542000000,3016000000,0.0,114000000,1069000000,0.287288363343,955000000,0.256651437786,39000000,934000000,0.251007793604,306000000,606000000,0.162859446385,0.69,0.68,891800000,898400000,https://www.sec.gov/Archives/edgar/data/21665/000002166517000002/0000021665-17-000002-index.htm,https://www.sec.gov/Archives/edgar/data/21665/000002166517000002/cl-12312016x10k.htm
2016-09-30,CL,2016-10-27,2016-10-27 09:07:13,Q3,3867000000,1543000000,2324000000,0.6009826739074218,0.0,1322000000,0.0,-69000000,1322000000,2865000000,0.0,114000000,1185000000,0.306439100078,1071000000,0.276958882855,-69000000,1046000000,0.270493922938,300000000,702000000,0.181536074476,0.78,0.78,893200000,900200000,https://www.sec.gov/Archives/edgar/data/21665/000002166516000003/0000021665-16-000003-index.htm,https://www.sec.gov/Archives/edgar/data/21665/000002166516000003/cl-9302016x10q.htm
2016-06-30,CL,2016-07-28,2016-07-28 09:09:16,Q2,3845000000,1541000000,2304000000,0.5992197659297789,0.0,1320000000,0.0,40000000,1320000000,2861000000,0.0,109000000,1053000000,0.273862158648,944000000,0.245513654096,40000000,919000000,0.239011703511,281000000,600000000,0.156046814044,0.67,0.67,893800000,900700000,https://www.sec.gov/Archives/edgar/data/21665/000162828016017856/0001628280-16-017856-index.htm,https://www.sec.gov/Archives/edgar/data/21665/000162828016017856/cl-6302016x10q.htm
2016-03-31,CL,2016-04-28,2016-04-28 09:33:24,Q1,3762000000,1514000000,2248000000,0.5975544922913344,0.0,1354000000,0.0,27000000,1354000000,2868000000,0.0,106000000,973000000,0.258639021797,867000000,0.230462519936,27000000,839000000,0.223019670388,265000000,533000000,0.141679957469,0.6,0.59,893700000,900200000,https://www.sec.gov/Archives/edgar/data/21665/000162828016014877/0001628280-16-014877-index.htm,https://www.sec.gov/Archives/edgar/data/21665/000162828016014877/cl-3312016x10q.htm
2015-12-31,CL,2016-02-18,2016-02-18 09:07:35,FY,3899000000,1606000000,2293000000,0.5880995126955629,274000000,1286000000,0.0,62000000,1560000000,3166000000,0.0,112000000,-34000000,-0.008720184662734035,-146000000,-0.03744549884585791,62000000,-146000000,-0.03744549884585791,275000000,-421000000,-0.10797640420620672,-0.51,-0.5,902200000,909700000,https://www.sec.gov/Archives/edgar/data/21665/000162828016011343/0001628280-16-011343-index.htm,https://www.sec.gov/Archives/edgar/data/21665/000162828016011343/cl-12312015x10k.htm
2015-09-30,CL,2015-10-30,2015-10-30 08:32:05,Q3,3999000000,1652000000,2347000000,0.5868967241810452,0.0,1347000000,0.0,-136000000,1347000000,2999000000,0.0,112000000,1248000000,0.312078019505,1136000000,0.284071017754,-136000000,1131000000,0.282820705176,361000000,726000000,0.181545386347,0.81,0.8,904100000,911800000,https://www.sec.gov/Archives/edgar/data/21665/000162828015008062/0001628280-15-008062-index.htm,https://www.sec.gov/Archives/edgar/data/21665/000162828015008062/cl-9302015x10q.htm
2015-06-30,CL,2015-07-30,2015-07-30 09:12:10,Q2,4066000000,1699000000,2367000000,0.5821446138711264,0.0,1381000000,0.0,54000000,1381000000,3080000000,0.0,111000000,1043000000,0.256517461879,932000000,0.229217904575,54000000,926000000,0.227742252828,310000000,574000000,0.141170683719,0.63,0.63,906100000,914400000,https://www.sec.gov/Archives/edgar/data/21665/000162828015005578/0001628280-15-005578-index.htm,https://www.sec.gov/Archives/edgar/data/21665/000162828015005578/cl-6302015x10q.htm
2015-03-31,CL,2015-04-30,2015-04-30 12:54:59,Q1,4070000000,1678000000,2392000000,0.5877149877149878,0.0,1450000000,0.0,82000000,1450000000,3128000000,0.0,114000000,974000000,0.239312039312,860000000,0.211302211302,82000000,852000000,0.209336609337,269000000,542000000,0.13316953317,0.6,0.59,907700000,916300000,https://www.sec.gov/Archives/edgar/data/21665/000162828015003104/0001628280-15-003104-index.htm,https://www.sec.gov/Archives/edgar/data/21665/000162828015003104/cl-3312015x10q.htm
2014-12-31,CL,2015-02-19,2015-02-19 14:54:41,FY,4221000000,1746000000,2475000000,0.5863539445628998,277000000,1434000000,0.0,46000000,1711000000,3457000000,0.0,113000000,1108000000,0.262497038616,995000000,0.235726131249,46000000,991000000,0.23477848851,325000000,628000000,0.148779909974,0.69,0.68,915100000,924300000,https://www.sec.gov/Archives/edgar/data/21665/000162828015000846/0001628280-15-000846-index.htm,https://www.sec.gov/Archives/edgar/data/21665/000162828015000846/cl-12312014x10k.htm
2014-09-30,CL,2014-10-24,2014-10-24 09:03:04,Q3,4379000000,1821000000,2558000000,0.5841516327928751,0.0,1497000000,0.0,113000000,1497000000,3318000000,0.0,114000000,1062000000,0.242521123544,948000000,0.216487782599,113000000,944000000,0.215574332039,364000000,542000000,0.123772550811,0.59,0.59,916400000,925700000,https://www.sec.gov/Archives/edgar/data/21665/000154554714000019/0001545547-14-000019-index.htm,https://www.sec.gov/Archives/edgar/data/21665/000154554714000019/cl-9302014x10q.htm
2014-06-30,CL,2014-07-31,2014-07-31 08:59:40,Q2,4352000000,1800000000,2552000000,0.5863970588235294,0.0,1507000000,0.0,65000000,1507000000,3307000000,0.0,107000000,1087000000,0.249770220588,980000000,0.225183823529,65000000,971000000,0.223115808824,310000000,622000000,0.142922794118,0.68,0.67,917800000,927300000,https://www.sec.gov/Archives/edgar/data/21665/000154554714000016/0001545547-14-000016-index.htm,https://www.sec.gov/Archives/edgar/data/21665/000154554714000016/cl-6302014x10q.htm
2014-03-31,CL,2014-04-25,2014-04-25 08:38:38,Q1,4325000000,1801000000,2524000000,0.5835838150289018,0.0,1544000000,0.0,346000000,1544000000,3345000000,0.0,108000000,742000000,0.171560693642,634000000,0.146589595376,346000000,627000000,0.144971098266,195000000,388000000,0.089710982659,0.42,0.42,919500000,928600000,https://www.sec.gov/Archives/edgar/data/21665/000154554714000007/0001545547-14-000007-index.htm,https://www.sec.gov/Archives/edgar/data/21665/000154554714000007/cl-3312014x10q.htm
2013-12-31,CL,2014-02-20,2014-02-20 16:21:46,FY,4361000000,1794000000,2567000000,0.5886264618206833,267000000,1612000000,0.0,63000000,1879000000,3673000000,0.0,110000000,1002000000,0.229763815639,892000000,0.204540243064,63000000,893000000,0.204769548269,292000000,564000000,0.129328135749,0.61,0.6,930800000,939900000,https://www.sec.gov/Archives/edgar/data/21665/000154554714000003/0001545547-14-000003-index.htm,https://www.sec.gov/Archives/edgar/data/21665/000154554714000003/cl-12312013x10k.htm
2013-09-30,CL,2013-10-24,2013-10-24 09:12:11,Q3,4398000000,1813000000,2585000000,0.5877671668940427,0.0,1549000000,0.0,20000000,1549000000,3362000000,0.0,108000000,1124000000,0.255570713961,1016000000,0.231014097317,359000000,1016000000,0.231014097317,317000000,656000000,0.149158708504,0.71,0.7,932500000,941400000,https://www.sec.gov/Archives/edgar/data/21665/000144530513002474/0001445305-13-002474-index.htm,https://www.sec.gov/Archives/edgar/data/21665/000144530513002474/cl-9302013x10q.htm
2013-06-30,CL,2013-07-25,2013-07-25 09:00:24,Q2,4346000000,1812000000,2534000000,0.5830648872526462,0.0,1526000000,0.0,102000000,1526000000,3338000000,0.0,111000000,1017000000,0.234008283479,906000000,0.208467556374,0.0,911000000,0.209618039577,307000000,561000000,0.12908421537,0.11,0.11,934800000,943600000,https://www.sec.gov/Archives/edgar/data/21665/000144530513001692/0001445305-13-001692-index.htm,https://www.sec.gov/Archives/edgar/data/21665/000144530513001692/cl-6302013x10q.htm
2013-03-31,CL,2013-04-25,2013-04-25 14:22:28,Q1,4315000000,1800000000,2515000000,0.5828505214368482,0.0,1536000000,0.0,237000000,1536000000,3336000000,0.0,110000000,852000000,0.197450753187,742000000,0.171958285052,0.0,745000000,0.172653534183,239000000,460000000,0.106604866744,0.98,0.97,468300000,472500000,https://www.sec.gov/Archives/edgar/data/21665/000144530513000904/0001445305-13-000904-index.htm,https://www.sec.gov/Archives/edgar/data/21665/000144530513000904/cl-3312013x10q.htm
2012-12-31,CL,2013-02-21,2013-02-21 15:51:04,FY,4286000000,1781000000,2505000000,0.5844610359309379,259000000,1487000000,0.0,76000000,1746000000,3527000000,0.0,108000000,1050000000,0.244983667755,942000000,0.219785347643,76000000,947000000,0.220951936538,311000000,598000000,0.139524031731,1.26,1.26,476100000,480100000,https://www.sec.gov/Archives/edgar/data/21665/000144530513000275/0001445305-13-000275-index.htm,https://www.sec.gov/Archives/edgar/data/21665/000144530513000275/cl-12312012x10k.htm
2012-09-30,CL,2012-10-25,2012-10-25 13:53:30,Q3,4332000000,1803000000,2529000000,0.5837950138504155,0.0,1501000000,0.0,1000000.0,1501000000,3304000000,0.0,106000000,1133000000,0.261542012927,1027000000,0.237072945522,1000000.0,1023000000,0.236149584488,326000000,654000000,0.150969529086,1.38,1.36,477400000,481500000,https://www.sec.gov/Archives/edgar/data/21665/000154554712000017/0001545547-12-000017-index.htm,https://www.sec.gov/Archives/edgar/data/21665/000154554712000017/cl-9302012x10q.htm
2012-06-30,CL,2012-07-26,2012-07-26 14:01:25,Q2,4267000000,1806000000,2461000000,0.5767518162643543,0.0,1464000000,0.0,15000000,1464000000,3270000000,0.0,105000000,1087000000,0.25474572299,982000000,0.230138270448,15000000,976000000,0.228732130302,311000000,627000000,0.146941645184,1.31,1.3,478700000,482600000,https://www.sec.gov/Archives/edgar/data/21665/000154554712000014/0001545547-12-000014-index.htm,https://www.sec.gov/Archives/edgar/data/21665/000154554712000014/cl-6302012x10q.htm
2012-03-31,CL,2012-04-26,2012-04-26 13:24:09,Q1,4200000000,1763000000,2437000000,0.5802380952380952,0.0,1478000000,0.0,21000000,1478000000,3241000000,0.0,106000000,1044000000,0.248571428571,938000000,0.223333333333,21000000,928000000,0.220952380952,295000000,593000000,0.14119047619,1.24,1.23,480100000,483900000,https://www.sec.gov/Archives/edgar/data/21665/000154554712000005/0001545547-12-000005-index.htm,https://www.sec.gov/Archives/edgar/data/21665/000154554712000005/cl-3312012x10q.htm
2011-12-31,CL,2012-02-23,2012-02-23 12:25:08,FY,4172000000,1779000000,2393000000,0.5735858101629914,262000000,1444000000,0.0,26000000,1706000000,3485000000,0.0,106000000,1029000000,0.246644295302,923000000,0.221236816874,26000000,1947000000,0.466682646213,283000000,590000000,0.141418983701,1.22,1.21,488300000,492000000,https://www.sec.gov/Archives/edgar/data/21665/000144530512000409/0001445305-12-000409-index.htm,https://www.sec.gov/Archives/edgar/data/21665/000144530512000409/cl-12312011x10k.htm
2011-09-30,CL,2011-10-27,2011-10-27 13:25:39,Q3,4383000000,1921000000,2462000000,0.5617157198266027,0.0,1489000000,0.0,-62000000,1489000000,3410000000,0.0,113000000,1148000000,0.261921058636,1035000000,0.23613963039,-62000000,41000000,0.0093543235227,349000000,643000000,0.146703171344,1.32,1.31,489900000,493400000,https://www.sec.gov/Archives/edgar/data/21665/000144530511003083/0001445305-11-003083-index.htm,https://www.sec.gov/Archives/edgar/data/21665/000144530511003083/cl-9302011x10q.htm
2011-06-30,CL,2011-07-28,2011-07-28 14:54:51,Q2,4185000000,1781000000,2404000000,0.5744324970131421,0.0,1421000000,0.0,15000000,1421000000,3202000000,0.0,103000000,1071000000,0.255913978495,968000000,0.231302270012,15000000,933000000,0.2229390681,311000000,622000000,0.1486260454,1.27,1.26,491500000,494900000,https://www.sec.gov/Archives/edgar/data/21665/000114036111038328/0001140361-11-038328-index.htm,https://www.sec.gov/Archives/edgar/data/21665/000114036111038328/form10q.htm
2011-03-31,CL,2011-04-28,2011-04-28 15:16:17,Q1,3994000000,1663000000,2331000000,0.5836254381572359,0.0,1404000000,0.0,12000000,1404000000,3067000000,0.0,99000000,1014000000,0.253880821232,915000000,0.229093640461,12000000,868000000,0.22508763144717076,292000000,576000000,0.144216324487,1.17,1.16,493400000,496600000,https://www.sec.gov/Archives/edgar/data/21665/000114036111023652/0001140361-11-023652-index.htm,https://www.sec.gov/Archives/edgar/data/21665/000114036111023652/form10q.htm
2010-12-31,CL,2011-02-24,2011-02-24 15:10:51,FY,3978000000,1628000000,2350000000,0.5907491201608849,256000000,1376000000,0.0,69000000,1632000000,3260000000,0.0,98000000,1003000000,0.252136752137,905000000,0.227501256913,69000000,889000000,0.22347913524384114,238000000,624000000,0.156862745098,1.28,1.24,487800000,510900000,https://www.sec.gov/Archives/edgar/data/21665/000114036111011883/0001140361-11-011883-index.htm,https://www.sec.gov/Archives/edgar/data/21665/000114036111011883/form10k.htm
2010-09-30,CL,2010-10-28,2010-10-28 15:04:25,Q3,10065000000,1599000000,8466000000,0.8411326378539493,0.0,1391000000,0.0,-5000000.0,1391000000,2990000000,0.0,93000000,2233000000,0.221857923497,2140000000,0.21261798311,-5000000.0,919000000,0.0913065077,300000000,619000000,0.0615002483855,1.25,1.21,489900000,514700000,https://www.sec.gov/Archives/edgar/data/21665/000114036110042509/0001140361-10-042509-index.htm,https://www.sec.gov/Archives/edgar/data/21665/000114036110042509/form10q.htm
2010-06-30,CL,2010-07-29,2010-07-29 16:16:54,Q2,3814000000,1572000000,2242000000,0.5878342947037232,0.0,1292000000,0.0,2000000.0,1292000000,2864000000,0.0,93000000,1027000000,0.0610918544194,934000000,0.101386481802,2000000.0,907000000,0.24488725747246984,304000000,603000000,0.16518091242789723,1.21,1.17,491900000,516700000,https://www.sec.gov/Archives/edgar/data/21665/000114036110030757/0001140361-10-030757-index.htm,https://www.sec.gov/Archives/edgar/data/21665/000114036110030757/form10q.htm
2010-03-31,CL,2010-04-29,2010-04-29 14:19:15,Q1,3829000000,1561000000,2268000000,0.5923217550274223,0.0,1355000000,0.0,235000000,1355000000,2916000000,0.0,92000000,770000000,0.201096892139,678000000,0.177069731,235000000,632000000,0.172891094280491,275000000,357000000,0.0932358318099,0.71,0.69,0.0,0.0,https://www.sec.gov/Archives/edgar/data/21665/000114036110017963/0001140361-10-017963-index.htm,https://www.sec.gov/Archives/edgar/data/21665/000114036110017963/form10q.htm
2009-12-31,CL,2010-02-25,2010-02-25 17:18:01,FY,4081000000,1654000000,2427000000,0.59470717961284,0.0,1397000000,0.0,39000000,1397000000,3051000000,-18000000,89000000,1062000000,0.2602303357020338,973000000,0.23842195540308747,39000000,973000000,0.23842195540308747,317000000,631000000,0.15461896593972066,4.53,4.53,505739514,505739514,https://www.sec.gov/Archives/edgar/data/21665/000114036110008522/0001140361-10-008522-index.htm,https://www.sec.gov/Archives/edgar/data/21665/000114036110008522/form10k.htm
2009-09-30,CL,2009-10-29,2009-10-29 15:06:51,Q3,3999000000,1631000000,2368000000,0.5921480370092523,0.0,1404000000,0.0,39000000,1404000000,3035000000,-17000000,90000000,1000000000,0.25006251562890724,910000000,0.22755688922230558,39000000,910000000,0.22755688922230558,293000000,591000000,0.14778694673668416,3.27,3.27,507645259,507645259,https://www.sec.gov/Archives/edgar/data/21665/000114036109024040/0001140361-09-024040-index.htm,https://www.sec.gov/Archives/edgar/data/21665/000114036109024040/form10-q.htm
2009-06-30,CL,2009-07-30,2009-07-30 15:03:48,Q2,3745000000,1544000000,2201000000,0.5877169559412551,0.0,1296000000,0.0,18000000,1296000000,2840000000,-21000000,91000000,956000000,0.2552736982643525,865000000,0.23097463284379172,18000000,865000000,0.23097463284379172,278000000,562000000,0.1500667556742323,2.11,2.11,506635071,506635071,https://www.sec.gov/Archives/edgar/data/21665/000114036109017288/0001140361-09-017288-index.htm,https://www.sec.gov/Archives/edgar/data/21665/000114036109017288/form10q.htm
2009-03-31,CL,2009-04-30,2009-04-30 16:27:20,Q1,3502000000,1490000000,2012000000,0.5745288406624786,0.0,1185000000,0.0,15000000,1185000000,2675000000,-21000000,81000000,871000000,0.24871501998857795,790000000,0.22558537978298115,15000000,790000000,0.22558537978298115,253000000,507000000,0.144774414620217,1.0,1.0,507000000,507000000,https://www.sec.gov/Archives/edgar/data/21665/000119312509094469/0001193125-09-094469-index.htm,https://www.sec.gov/Archives/edgar/data/21665/000119312509094469/d10q.htm
2008-12-31,CL,2009-02-27,2009-02-27 16:30:47,FY,3664000000,1613000000,2051000000,0.5597707423580786,0.0,1235000000,0.0,54000000,1235000000,2848000000,-13000000,87000000,835000000,0.2278930131004367,748000000,0.20414847161572053,54000000,748000000,0.20414847161572053,251000000,497000000,0.13564410480349345,3.81,3.81,513648293,513648293,https://www.sec.gov/Archives/edgar/data/21665/000119312509041029/0001193125-09-041029-index.htm,https://www.sec.gov/Archives/edgar/data/21665/000119312509041029/d10k.htm
2008-09-30,CL,2008-10-30,2008-10-30 16:15:08,Q3,3988000000,1752000000,2236000000,0.5606820461384152,0.0,1416000000,0.0,52000000,1416000000,3168000000,-23000000,88000000,834000000,0.2091273821464393,746000000,0.18706118355065196,52000000,746000000,0.18706118355065196,245000000,500000000,0.12537612838515547,2.84,2.84,514084507,514084507,https://www.sec.gov/Archives/edgar/data/21665/000119312508220286/0001193125-08-220286-index.htm,https://www.sec.gov/Archives/edgar/data/21665/000119312508220286/d10q.htm
2008-06-30,CL,2008-07-29,2008-07-29 15:41:53,Q2,3964000000,1725000000,2239000000,0.5648335015136225,0.0,1423000000,0.0,50000000,1423000000,3148000000,-26000000,84000000,825000000,0.2081231079717457,741000000,0.1869323915237134,50000000,741000000,0.1869323915237134,248000000,494000000,0.12462159434914229,1.86,1.86,516129032,516129032,https://www.sec.gov/Archives/edgar/data/21665/000119312508160116/0001193125-08-160116-index.htm,https://www.sec.gov/Archives/edgar/data/21665/000119312508160116/d10q.htm
2008-03-31,CL,2008-04-30,2008-04-30 15:42:37,Q1,3713000000,1613000000,2100000000,0.5655803932130353,0.0,1348000000,0.0,27000000,1348000000,2961000000,-33000000,88000000,778000000,0.20953406948559117,690000000,0.1858335577699973,27000000,690000000,0.1858335577699973,223000000,466000000,0.1255049824939402,0.9,0.9,517777777,517777777,https://www.sec.gov/Archives/edgar/data/21665/000119312508097148/0001193125-08-097148-index.htm,https://www.sec.gov/Archives/edgar/data/21665/000119312508097148/d10q.htm
2007-12-31,CL,2008-02-28,2008-02-28 14:37:24,FY,3642000000,1599000000,2043000000,0.5609555189456342,0.0,1302000000,0.0,66000000,1302000000,2901000000,-35000000,87000000,728000000,0.19989017023613398,641000000,0.17600219659527733,66000000,641000000,0.17600219659527733,226000000,415000000,0.11394838001098298,3.35,3.35,518507462,518507462,https://www.sec.gov/Archives/edgar/data/21665/000119312508041526/0001193125-08-041526-index.htm,https://www.sec.gov/Archives/edgar/data/21665/000119312508041526/d10k.htm
2007-09-30,CL,2007-10-30,2007-10-30 16:19:23,Q3,3528000000,1545000000,1983000000,0.5620748299319728,0.0,1278000000,0.0,37000000,1278000000,2823000000,-38000000,85000000,715000000,0.20266439909297052,630000000,0.17857142857142858,37000000,630000000,0.17857142857142858,210000000,420000000,0.11904761904761904,2.55,2.55,518431372,518431372,https://www.sec.gov/Archives/edgar/data/21665/000119312507229631/0001193125-07-229631-index.htm,https://www.sec.gov/Archives/edgar/data/21665/000119312507229631/d10q.htm
2007-06-30,CL,2007-07-26,2007-07-26 13:25:39,Q2,3406000000,1497000000,1909000000,0.5604815032295948,0.0,1223000000,0.0,27000000,1223000000,2720000000,-41000000,80000000,697000000,0.2046388725778039,617000000,0.18115091015854376,27000000,617000000,0.18115091015854376,202000000,416000000,0.12213740458015267,1.74,1.74,518390804,518390804,https://www.sec.gov/Archives/edgar/data/21665/000119312507162747/0001193125-07-162747-index.htm,https://www.sec.gov/Archives/edgar/data/21665/000119312507162747/d10q.htm
2007-03-31,CL,2007-04-26,2007-04-26 15:22:11,Q1,3213000000,1401000000,1812000000,0.5639589169000934,0.0,1170000000,0.0,-9000000.0,1170000000,2571000000,-42000000,81000000,689000000,0.21444133208839092,608000000,0.18923124805477748,-9000000.0,608000000,0.18923124805477748,121000000,486000000,0.15126050420168066,0.94,0.94,517021276,517021276,https://www.sec.gov/Archives/edgar/data/21665/000119312507091705/0001193125-07-091705-index.htm,https://www.sec.gov/Archives/edgar/data/21665/000119312507091705/d10q.htm
2006-12-31,CL,2007-02-23,2007-02-23 14:08:28,FY,3209000000,1433000000,1776000000,0.5534434403240885,0.0,1145000000,0.0,-2000000.0,1145000000,2578000000,-39000000,85000000,678000000,0.21128077282642568,593000000,0.18479277033343722,-2000000.0,593000000,0.18479277033343722,193000000,401000000,0.12496104705515737,2.57,2.57,526459143,526459143,https://www.sec.gov/Archives/edgar/data/21665/000119312507038190/0001193125-07-038190-index.htm,https://www.sec.gov/Archives/edgar/data/21665/000119312507038190/d10k.htm
2006-09-30,CL,2006-10-25,2006-10-25 13:59:49,Q3,3144000000,1415000000,1729000000,0.5499363867684478,0.0,1141000000,0.0,39000000,1141000000,2556000000,-41000000,81000000,590000000,0.1876590330788804,509000000,0.16189567430025445,39000000,509000000,0.16189567430025445,164000000,344000000,0.10941475826972011,1.81,1.81,525966850,525966850,https://www.sec.gov/Archives/edgar/data/21665/000119312506214534/0001193125-06-214534-index.htm,https://www.sec.gov/Archives/edgar/data/21665/000119312506214534/d10q.htm
2006-06-30,CL,2006-07-27,2006-07-27 16:58:41,Q2,3014000000,1381000000,1633000000,0.5418049104180491,0.0,1052000000,0.0,120000000,1052000000,2433000000,-41000000,82000000,501000000,0.16622428666224287,419000000,0.13901791639017916,120000000,419000000,0.13901791639017916,136000000,284000000,0.09422694094226941,1.15,1.15,528695652,528695652,https://www.sec.gov/Archives/edgar/data/21665/000119312506154959/0001193125-06-154959-index.htm,https://www.sec.gov/Archives/edgar/data/21665/000119312506154959/d10q.htm
2006-03-31,CL,2006-04-28,2006-04-28 17:22:03,Q1,2870000000,1307000000,1563000000,0.5445993031358886,0.0,1017000000,0.0,28000000,1017000000,2324000000,-37000000,80000000,560000000,0.1951219512195122,480000000,0.1672473867595819,28000000,480000000,0.1672473867595819,155000000,324000000,0.11289198606271778,0.62,0.62,522580645,522580645,https://www.sec.gov/Archives/edgar/data/21665/000119312506093176/0001193125-06-093176-index.htm,https://www.sec.gov/Archives/edgar/data/21665/000119312506093176/d10q.htm
2005-12-31,CL,2006-02-24,2006-02-24 16:27:11,FY,2904000000,1319000000,1585000000,0.5457988980716253,0.0,1010000000,0.0,-2000000.0,1010000000,2329000000,-37000000,82000000,623000000,0.21453168044077134,541000000,0.1862947658402204,-2000000.0,541000000,0.1862947658402204,179000000,361000000,0.12431129476584023,2.54,2.54,531889763,531889763,https://www.sec.gov/Archives/edgar/data/21665/000119312506038891/0001193125-06-038891-index.htm,https://www.sec.gov/Archives/edgar/data/21665/000119312506038891/d10k.htm
2005-09-30,CL,2005-11-04,2005-11-04 16:20:08,Q3,2912000000,1335000000,1577000000,0.5415521978021978,0.0,1007000000,0.0,-34000000,1007000000,2342000000,-37000000,82000000,649000000,0.22287087912087913,567000000,0.19471153846153846,-34000000,567000000,0.19471153846153846,220000000,347000000,0.11916208791208792,1.86,1.86,532258064,532258064,https://www.sec.gov/Archives/edgar/data/21665/000119312505216935/0001193125-05-216935-index.htm,https://www.sec.gov/Archives/edgar/data/21665/000119312505216935/d10q.htm
2005-06-30,CL,2005-07-29,2005-07-29 16:30:59,Q2,2837000000,1298000000,1539000000,0.5424744448360944,0.0,959000000,0.0,39000000,959000000,2257000000,-31000000,82000000,592000000,0.20867113147691224,510000000,0.1797673598872048,39000000,510000000,0.1797673598872048,168000000,343000000,0.12090236164962989,1.2,1.2,535833333,535833333,https://www.sec.gov/Archives/edgar/data/21665/000119312505152747/0001193125-05-152747-index.htm,https://www.sec.gov/Archives/edgar/data/21665/000119312505152747/d10q.htm
2005-03-31,CL,2005-04-29,2005-04-29 15:00:18,Q1,2743000000,1239000000,1504000000,0.5483047757929275,0.0,944000000,0.0,66000000,944000000,2183000000,-31000000,83000000,544000000,0.1983230040102078,461000000,0.16806416332482682,66000000,461000000,0.16806416332482682,160000000,300000000,0.10936930368209989,0.56,0.56,535714285,535714285,https://www.sec.gov/Archives/edgar/data/21665/000119312505090269/0001193125-05-090269-index.htm,https://www.sec.gov/Archives/edgar/data/21665/000119312505090269/d10q.htm
2004-12-31,CL,2005-02-25,2005-02-25 14:33:44,FY,2804000000,1266000000,1538000000,0.5485021398002853,0.0,978000000,0.0,90000000,978000000,2244000000,-32000000,86000000,522000000,0.1861626248216833,436000000,0.15549215406562053,90000000,436000000,0.15549215406562053,151000000,286000000,0.10199714693295292,2.45,2.45,541632653,541632653,https://www.sec.gov/Archives/edgar/data/21665/000119312505037145/0001193125-05-037145-index.htm,https://www.sec.gov/Archives/edgar/data/21665/000119312505037145/d10k.htm
2004-09-30,CL,2004-11-04,2004-11-04 14:14:44,Q3,2695000000,1219000000,1476000000,0.5476808905380334,0.0,939000000,0.0,0.0,939000000,2158000000,-30000000,82000000,590000000,0.2189239332096475,508000000,0.18849721706864564,0.0,508000000,0.18849721706864564,178000000,329000000,0.12207792207792208,1.92,1.92,542187500,542187500,https://www.sec.gov/Archives/edgar/data/21665/000119312504186112/0001193125-04-186112-index.htm,https://www.sec.gov/Archives/edgar/data/21665/000119312504186112/d10q.htm
2004-06-30,CL,2004-08-06,2004-08-06 15:11:21,Q2,2572000000,1149000000,1423000000,0.5532659409020217,0.0,839000000,0.0,0.0,839000000,1988000000,-29000000,80000000,635000000,0.2468895800933126,555000000,0.21578538102643857,0.0,555000000,0.21578538102643857,182000000,374000000,0.14541213063763608,1.31,1.31,543511450,543511450,https://www.sec.gov/Archives/edgar/data/21665/000119312504134219/0001193125-04-134219-index.htm,https://www.sec.gov/Archives/edgar/data/21665/000119312504134219/d10q.htm
2004-03-31,CL,2004-05-05,2004-05-05 16:55:45,Q1,2513000000,1113000000,1400000000,0.5571030640668524,0.0,868000000,0.0,0.0,868000000,1981000000,-28000000,79000000,582000000,0.23159570234779148,503000000,0.2001591723040191,0.0,503000000,0.2001591723040191,164000000,338000000,0.13450059689614008,0.62,0.62,545161290,545161290,https://www.sec.gov/Archives/edgar/data/21665/000119312504079364/0001193125-04-079364-index.htm,https://www.sec.gov/Archives/edgar/data/21665/000119312504079364/d10q.htm
2003-12-31,CL,2004-03-12,2004-03-12 15:27:47,FY,2573000000,1164000000,1409000000,0.5476097940147687,0.0,861000000,0.0,-15000000,861000000,2025000000,-29000000,85000000,619000000,0.24057520404197436,534000000,0.20753983676642052,-15000000,534000000,0.20753983676642052,162000000,372000000,0.14457831325301204,2.6,2.6,546538461,546538461,https://www.sec.gov/Archives/edgar/data/21665/000119312504040431/0001193125-04-040431-index.htm,https://www.sec.gov/Archives/edgar/data/21665/000119312504040431/d10k.htm
2003-09-30,CL,2003-11-07,2003-11-07 14:53:24,Q3,2523000000,1136000000,1387000000,0.5497423701942132,0.0,852000000,0.0,0.0,852000000,1988000000,-30000000,77000000,582000000,0.23067776456599287,505000000,0.2001585414189457,0.0,505000000,0.2001585414189457,140000000,366000000,0.1450653983353151,1.92,1.92,546354166,546354166,https://www.sec.gov/Archives/edgar/data/21665/000119312503075116/0001193125-03-075116-index.htm,https://www.sec.gov/Archives/edgar/data/21665/000119312503075116/d10q.htm
2003-06-30,CL,2003-08-13,2003-08-13 16:14:58,Q2,2459000000,1106000000,1353000000,0.5502236681577877,0.0,796000000,0.0,0.0,796000000,1902000000,-31000000,78000000,604000000,0.24562830418869458,526000000,0.21390809272061814,0.0,526000000,0.21390809272061814,166000000,359000000,0.14599430662871085,1.25,1.25,546400000,546400000,https://www.sec.gov/Archives/edgar/data/21665/000119312503035970/0001193125-03-035970-index.htm,https://www.sec.gov/Archives/edgar/data/21665/000119312503035970/d10q.htm
2003-03-31,CL,2003-05-12,2003-05-12 17:27:00,Q1,2348000000,1050000000,1298000000,0.5528109028960818,0.0,787000000,0.0,0.0,787000000,1837000000,-34000000,75000000,551000000,0.2346678023850085,476000000,0.20272572402044292,0.0,476000000,0.20272572402044292,152000000,324000000,0.13798977853492334,0.59,0.59,549152542,549152542,https://www.sec.gov/Archives/edgar/data/21665/000119312503004433/0001193125-03-004433-index.htm,https://www.sec.gov/Archives/edgar/data/21665/000119312503004433/d10q.htm
2002-12-31,CL,2003-03-24,2003-03-24 15:48:28,FY,2421000000,1100000000,1321000000,0.5456422965716646,0.0,778000000,0.0,23000000,778000000,1878000000,-26000000,78000000,567000000,0.2342007434944238,489000000,0.20198265179677818,0.0,489000000,0.20198265179677818,148000000,341000000,0.14085088806278398,2.33,2.33,552789699,552789699,https://www.sec.gov/Archives/edgar/data/21665/000095013003002310/0000950130-03-002310-index.htm,https://www.sec.gov/Archives/edgar/data/21665/000095013003002310/d10k.htm
