date,symbol,fillingDate,acceptedDate,period,revenue,costOfRevenue,grossProfit,grossProfitRatio,researchAndDevelopmentExpenses,generalAndAdministrativeExpenses,sellingAndMarketingExpenses,otherExpenses,operatingExpenses,costAndExpenses,interestExpense,depreciationAndAmortization,ebitda,ebitdaratio,operatingIncome,operatingIncomeRatio,totalOtherIncomeExpensesNet,incomeBeforeTax,incomeBeforeTaxRatio,incomeTaxExpense,netIncome,netIncomeRatio,eps,epsdiluted,weightedAverageShsOut,weightedAverageShsOutDil,link,finalLink
2020-03-31,COF,2020-05-01,None,Q1,7109000000,0.0,7109000000,1.0,0.0,0.0,491000000,0.0,491000000,491000000,-1084000000,893000000,-447000000,-0.06287804191869462,-1340000000,-0.18849345899563932,0.0,-1903000000,-0.26768884512589675,-563000000,-1340000000,-0.18849345899563932,-3.1,-3.1,432258064,432258064,https://www.sec.gov/Archives/edgar/data/927628/000092762820000173/0000927628-20-000173-index.htm,https://www.sec.gov/Archives/edgar/data/927628/000092762820000173/cof-03312020x10q.htm
2019-12-31,COF,2020-02-20,None,FY,7347000000,0.0,7347000000,1.0,0.0,0.0,710000000,-8194000000,-7484000000,-7484000000,6149000000,905000000,2083000000,0.2835170818020961,1178000000,0.16033755274261605,0.0,1448000000,0.1970872464951681,270000000,1176000000,0.16006533278889343,11.1,11.1,499639639,499639639,https://www.sec.gov/Archives/edgar/data/927628/000092762820000102/0000927628-20-000102-index.htm,https://www.sec.gov/Archives/edgar/data/927628/000092762820000102/cof-12312019x10k.htm
2019-09-30,COF,2019-10-31,2019-10-31 15:18:02,Q3,5737000000,0.0,5737000000,1.0,312000000,1605000000,501000000,2870000000,1942000000,1942000000,1338000000,849000000,2553000000,0.44500610075,1704000000,0.297019348091,0.0,1704000000,0.297019348091,375000000,1333000000,0.232351403172,2.7,2.69,470000000,470000000,https://www.sec.gov/Archives/edgar/data/927628/000092762819000312/0000927628-19-000312-index.htm,https://www.sec.gov/Archives/edgar/data/927628/000092762819000312/cof-09302019x10q.htm
2019-06-30,COF,2019-07-31,2019-07-30 20:58:59,Q2,5746000000,0.0,5746000000,1.0,329000000,1558000000,546000000,2687000000,1916000000,1916000000,1330000000,881000000,2884000000,0.501914375218,2003000000,0.348590323703,0.0,2003000000,0.348590323703,387000000,1625000000,0.282805429864,3.26,3.24,470000000,470000000,https://www.sec.gov/Archives/edgar/data/927628/000092762819000274/0000927628-19-000274-index.htm,https://www.sec.gov/Archives/edgar/data/927628/000092762819000274/cof-06302019x10q.htm
2019-03-31,COF,2019-05-01,2019-05-01 16:02:08,Q1,5791000000,0.0,5791000000,1.0,303000000,1573000000,517000000,2637000000,1906000000,1906000000,1301000000,704000000,2423000000,0.418407874288,1719000000,0.29683992402,0.0,1719000000,0.29683992402,309000000,1412000000,0.243826627525,2.87,2.86,491986062,491986062,https://www.sec.gov/Archives/edgar/data/927628/000092762819000177/0000927628-19-000177-index.htm,https://www.sec.gov/Archives/edgar/data/927628/000092762819000177/cof-03312019x10q.htm
2018-12-31,COF,2019-02-20,2019-02-20 15:52:42,FY,5820000000,0.0,5820000000,1.0,326000000,1345000000,-1343000000,0.0,1714000000,1714000000,1228000000,675000000,1918000000,0.329553264605,1243000000,0.213573883162,0.0,1243000000,0.213573883162,-344000000,1261000000,0.216666666667,2.51,2.5,505744680,505744680,https://www.sec.gov/Archives/edgar/data/927628/000092762819000093/0000927628-19-000093-index.htm,https://www.sec.gov/Archives/edgar/data/927628/000092762819000093/cof-12312018x10k.htm
2018-09-30,COF,2018-11-01,2018-10-31 17:56:39,Q3,15369000000,0.0,15369000000,1.0,311000000,1432000000,1343000000,0.0,1787000000,1787000000,1109000000,589000000,2510000000,0.163315765502,1921000000,0.124991866745,0.0,1921000000,0.124991866745,420000000,1502000000,0.0977291951331,3.02,2.99,505744680,505744680,https://www.sec.gov/Archives/edgar/data/927628/000092762818000317/0000927628-18-000317-index.htm,https://www.sec.gov/Archives/edgar/data/927628/000092762818000317/cof-09302018x10q.htm
2018-06-30,COF,2018-07-27,2018-07-27 16:40:02,Q2,-4032000000,0.0,4032000000,-1.0,317000000,1430000000,839000000,0.0,1790000000,1790000000,1045000000,582000000,3074000000,-0.762400793651,2492000000,-0.618055555556,0.0,2492000000,-0.618055555556,575000000,1906000000,-0.472718253968,3.73,3.71,508920187,508920187,https://www.sec.gov/Archives/edgar/data/927628/000092762818000281/0000927628-18-000281-index.htm,https://www.sec.gov/Archives/edgar/data/927628/000092762818000281/cof-06302018x10q.htm
2018-03-31,COF,2018-05-02,2018-05-02 16:37:58,Q1,5718000000,0.0,5718000000,1.0,306000000,1520000000,414000000,0.0,1870000000,1870000000,919000000,550000000,2212000000,0.386848548444,1662000000,0.290661070304,0.0,1662000000,0.290661070304,319000000,1346000000,0.235396991955,2.64,2.62,511787072,511787072,https://www.sec.gov/Archives/edgar/data/927628/000092762818000179/0000927628-18-000179-index.htm,https://www.sec.gov/Archives/edgar/data/927628/000092762818000179/cof-03312018x10q.htm
2017-12-31,COF,2018-02-21,2018-02-21 17:01:17,FY,5813000000,0.0,5813000000,1.0,306000000,1521000000,0.0,0.0,1888000000,1888000000,791000000,721000000,2029000000,0.34904524342,1308000000,0.225012902116,0.0,1308000000,0.225012902116,2170000000,524000000,0.1186862967157418,-2.16,-2.14,0.0,0.0,https://www.sec.gov/Archives/edgar/data/927628/000092762818000107/0000927628-18-000107-index.htm,https://www.sec.gov/Archives/edgar/data/927628/000092762818000107/cof-12312017x10k.htm
2017-09-30,COF,2017-11-01,2017-11-01 16:55:15,Q3,5700000000,0.0,5700000000,1.0,294000000,1524000000,0.0,0.0,1879000000,1879000000,720000000,588000000,2173000000,0.381228070175,1585000000,0.278070175439,0.0,1585000000,0.278070175439,448000000,1107000000,0.194210526316,2.16,2.14,0.0,0.0,https://www.sec.gov/Archives/edgar/data/927628/000092762817000279/0000927628-17-000279-index.htm,https://www.sec.gov/Archives/edgar/data/927628/000092762817000279/cof-09302017x10q.htm
2017-06-30,COF,2017-07-28,2017-07-28 16:06:12,Q2,5473000000,0.0,5473000000,1.0,289000000,1383000000,-396000000,0.0,1733000000,1733000000,655000000,565000000,2055000000,0.375479627261,1490000000,0.272245569158,0.0,1490000000,0.272245569158,443000000,1036000000,0.189292892381,1.96,1.95,529411764,529411764,https://www.sec.gov/Archives/edgar/data/927628/000092762817000246/0000927628-17-000246-index.htm,https://www.sec.gov/Archives/edgar/data/927628/000092762817000246/cof-06302017x10q.htm
2017-03-31,COF,2017-05-03,2017-05-03 16:50:22,Q1,5474000000,0.0,5474000000,1.0,288000000,1471000000,396000000,0.0,1821000000,1821000000,596000000,566000000,1675000000,0.305991962002,1109000000,0.202594081111,0.0,1109000000,0.202594081111,314000000,810000000,0.147972232371,1.56,1.54,529411764,529411764,https://www.sec.gov/Archives/edgar/data/927628/000092762817000179/0000927628-17-000179-index.htm,https://www.sec.gov/Archives/edgar/data/927628/000092762817000179/cof-03312017x10q.htm
2016-12-31,COF,2017-02-23,2017-02-23 16:30:02,FY,5447000000,0.0,5447000000,1.0,412000000,1336000000,0.0,0.0,1849000000,1849000000,562000000,609000000,1744000000,0.320176243804,1135000000,0.208371580687,0.0,1135000000,0.208371580687,342000000,791000000,0.145217550945,1.49,1.47,0.0,0.0,https://www.sec.gov/Archives/edgar/data/927628/000092762817000115/0000927628-17-000115-index.htm,https://www.sec.gov/Archives/edgar/data/927628/000092762817000115/cof-12312016x10k.htm
2016-09-30,COF,2016-11-03,2016-11-02 17:36:57,Q3,5277000000,0.0,5277000000,1.0,252000000,1317000000,0.0,0.0,1658000000,1658000000,517000000,612000000,2124000000,0.402501421262,1512000000,0.286526435475,0.0,1512000000,0.286526435475,496000000,1005000000,0.190449118818,1.91,1.9,0.0,0.0,https://www.sec.gov/Archives/edgar/data/927628/000092762816000228/0000927628-16-000228-index.htm,https://www.sec.gov/Archives/edgar/data/927628/000092762816000228/cof-09302016x10q.htm
2016-06-30,COF,2016-08-01,2016-07-29 17:38:18,Q2,5093000000,0.0,5093000000,1.0,262000000,1279000000,-428000000,0.0,1636000000,1636000000,478000000,616000000,1983000000,0.389357942274,1367000000,0.2684076183,0.0,1367000000,0.2684076183,424000000,942000000,0.184959748675,1.71,1.68,544623655,544623655,https://www.sec.gov/Archives/edgar/data/927628/000092762816000200/0000927628-16-000200-index.htm,https://www.sec.gov/Archives/edgar/data/927628/000092762816000200/cof-06302016x10q.htm
2016-03-31,COF,2016-05-04,2016-05-04 15:59:16,Q1,5056000000,0.0,5056000000,1.0,243000000,1270000000,428000000,0.0,1614000000,1614000000,461000000,591000000,2061000000,0.407634493671,1470000000,0.290743670886,0.0,1470000000,0.290743670886,452000000,1013000000,0.200356012658,1.85,1.84,544623655,544623655,https://www.sec.gov/Archives/edgar/data/927628/000092762816000160/0000927628-16-000160-index.htm,https://www.sec.gov/Archives/edgar/data/927628/000092762816000160/cof-03312016x10q.htm
2015-12-31,COF,2016-02-25,2016-02-25 16:59:23,FY,4961000000,0.0,4961000000,1.0,247000000,1215000000,0.0,6694000000,1565000000,1565000000,423000000,542000000,1876000000,0.37814956662,1334000000,0.268897399718,0.0,1334000000,0.268897399718,426000000,920000000,0.185446482564,1.61,1.59,545000000,551000000,https://www.sec.gov/Archives/edgar/data/927628/000092762816000140/0000927628-16-000140-index.htm,https://www.sec.gov/Archives/edgar/data/927628/000092762816000140/cof-12312015x10k.htm
2015-09-30,COF,2015-11-02,2015-11-02 17:09:03,Q3,4760000000,0.0,4760000000,1.0,226000000,1189000000,1180000000,3360000000,1521000000,1521000000,404000000,546000000,2194000000,0.460924369748,1648000000,0.346218487395,0.0,1648000000,0.346218487395,530000000,1114000000,0.234033613445,1.99,1.97,545000000,551000000,https://www.sec.gov/Archives/edgar/data/927628/000092762815000106/0000927628-15-000106-index.htm,https://www.sec.gov/Archives/edgar/data/927628/000092762815000106/cof-09302015x10q.htm
2015-06-30,COF,2015-08-03,2015-08-03 16:32:14,Q2,4537000000,0.0,4537000000,1.0,208000000,1360000000,-375000000,3469000000,1679000000,1679000000,400000000,529000000,1765000000,0.389023583866,1236000000,0.272426713687,0.0,1236000000,0.272426713687,384000000,863000000,0.190213797664,1.52,1.51,576500000,576500000,https://www.sec.gov/Archives/edgar/data/927628/000092762815000083/0000927628-15-000083-index.htm,https://www.sec.gov/Archives/edgar/data/927628/000092762815000083/cof-06302015x10q.htm
2015-03-31,COF,2015-05-05,2015-05-05 15:40:39,Q1,4576000000,0.0,4576000000,1.0,202000000,1211000000,375000000,0.0,1523000000,1523000000,398000000,483000000,2146000000,0.468968531469,1663000000,0.363417832168,0.0,1663000000,0.363417832168,529000000,1153000000,0.251966783217,2.03,2.0,576500000,576500000,https://www.sec.gov/Archives/edgar/data/927628/000092762815000052/0000927628-15-000052-index.htm,https://www.sec.gov/Archives/edgar/data/927628/000092762815000052/cof-03312015x10q.htm
2014-12-31,COF,2015-02-24,2015-02-24 17:18:28,FY,4656000000,0.0,4656000000,1.0,203000000,1179000000,0.0,2112000000,1505000000,1505000000,389000000,470000000,1890000000,0.405927835052,1420000000,0.304982817869,0.0,1420000000,0.304982817869,450000000,999000000,0.21456185567,1.76,1.73,0.0,0.0,https://www.sec.gov/Archives/edgar/data/927628/000092762815000026/0000927628-15-000026-index.htm,https://www.sec.gov/Archives/edgar/data/927628/000092762815000026/cof-12312014x10k.htm
2014-09-30,COF,2014-11-03,2014-11-03 17:21:48,Q3,4497000000,0.0,4497000000,1.0,196000000,1128000000,-660000000,4893000000,1454000000,1454000000,390000000,515000000,3316000000,0.737380475873,2801000000,0.622859684234,0.0,1641000000,0.36490993996,536000000,1081000000,0.240382477207,1.89,1.86,582630272,582630272,https://www.sec.gov/Archives/edgar/data/927628/000092762814000020/0000927628-14-000020-index.htm,https://www.sec.gov/Archives/edgar/data/927628/000092762814000020/cof-09302014x10q.htm
2014-06-30,COF,2014-08-05,2014-08-05 16:40:52,Q2,4315000000,0.0,4315000000,1.0,203000000,1125000000,660000000,0.0,1464000000,1464000000,397000000,503000000,1697000000,0.393279258401,1194000000,0.276709154114,0.0,1775000000,0.411355735805,581000000,1194000000,0.276709154114,2.07,2.04,582630272,582630272,https://www.sec.gov/Archives/edgar/data/927628/000119312514295896/0001193125-14-295896-index.htm,https://www.sec.gov/Archives/edgar/data/927628/000119312514295896/d743364d10q.htm
2014-03-31,COF,2014-05-06,2014-05-06 17:17:47,Q1,4350000000,0.0,4350000000,1.0,196000000,1161000000,325000000,0.0,1500000000,1500000000,403000000,514000000,1668000000,0.383448275862,1154000000,0.265287356322,0.0,1733000000,0.35830002103934355,579000000,1154000000,0.265287356322,1.99,1.96,594845360,594845360,https://www.sec.gov/Archives/edgar/data/927628/000119312514185156/0001193125-14-185156-index.htm,https://www.sec.gov/Archives/edgar/data/927628/000119312514185156/d690500d10q.htm
2013-12-31,COF,2014-02-27,2014-02-27 17:30:41,FY,4423000000,0.0,4423000000,1.0,218000000,1103000000,0.0,-5239000000,1487000000,1487000000,416000000,418000000,1277000000,0.288718064662,859000000,0.194212073253,0.0,6146000000,1.38955460095,425000000,859000000,0.194212073253,1.47,1.45,0.0,0.0,https://www.sec.gov/Archives/edgar/data/927628/000119312514073467/0001193125-14-073467-index.htm,https://www.sec.gov/Archives/edgar/data/927628/000119312514073467/d637300d10k.htm
2013-09-30,COF,2013-11-06,2013-11-06 17:30:02,Q3,4560000000,0.0,4560000000,1.0,224000000,1145000000,0.0,5239000000,1530000000,1530000000,438000000,495000000,1612000000,0.35350877193,1117000000,0.244956140351,0.0,10000000,0.00219298245614,525000000,1117000000,0.244956140351,1.88,1.86,0.0,0.0,https://www.sec.gov/Archives/edgar/data/927628/000119312513430469/0001193125-13-430469-index.htm,https://www.sec.gov/Archives/edgar/data/927628/000119312513430469/d589490d10q.htm
2013-06-30,COF,2013-08-08,2013-08-08 15:19:55,Q2,4553000000,0.0,4553000000,1.0,233000000,1104000000,-317000000,0.0,1504000000,1504000000,457000000,811000000,1928000000,0.423457061278,1117000000,0.245332747639,0.0,-354000000,-0.10643415514131088,581000000,1117000000,0.245332747639,1.89,1.86,549484536,549484536,https://www.sec.gov/Archives/edgar/data/927628/000119312513326620/0001193125-13-326620-index.htm,https://www.sec.gov/Archives/edgar/data/927628/000119312513326620/d543200d10q.htm
2013-03-31,COF,2013-05-09,2013-05-09 14:59:12,Q1,4570000000,0.0,4570000000,1.0,210000000,1080000000,317000000,0.0,1467000000,1467000000,481000000,341000000,1407000000,0.307877461707,1066000000,0.233260393873,0.0,1560000000,0.32429221936250247,494000000,1066000000,0.233260393873,1.81,1.79,549484536,549484536,https://www.sec.gov/Archives/edgar/data/927628/000119312513210712/0001193125-13-210712-index.htm,https://www.sec.gov/Archives/edgar/data/927628/000119312513210712/d501766d10q.htm
2012-12-31,COF,2013-02-28,2013-02-28 16:19:23,FY,4528000000,0.0,4528000000,1.0,205000000,1039000000,0.0,0.0,1853000000,1853000000,587000000,605000000,1448000000,0.319787985866,843000000,0.186174911661,0.0,1213000000,0.26788869258,370000000,843000000,0.186174911661,1.41,1.41,0.0,0.0,https://www.sec.gov/Archives/edgar/data/927628/000119312513084249/0001193125-13-084249-index.htm,https://www.sec.gov/Archives/edgar/data/927628/000119312513084249/d447949d10k.htm
2012-09-30,COF,2012-11-08,2012-11-08 12:23:25,Q3,4646000000,0.0,4646000000,1.0,198000000,1002000000,0.0,0.0,1200000000,1200000000,608000000,565000000,1743000000,0.375161429186,1178000000,0.253551442101,0.0,1713000000,0.368704261731,535000000,1178000000,0.253551442101,2.06,2.03,0.0,0.0,https://www.sec.gov/Archives/edgar/data/927628/000119312512459690/0001193125-12-459690-index.htm,https://www.sec.gov/Archives/edgar/data/927628/000119312512459690/d406131d10q.htm
2012-06-30,COF,2012-08-09,2012-08-09 13:24:21,Q2,4001000000,0.0,4001000000,1.0,202000000,944000000,0.0,0.0,1146000000,1146000000,615000000,458000000,96000000,0.0239940014996,-1236000000,-1.592783505154639,0.0,34000000,0.00849787553112,43000000,93000000,0.0232441889528,0.0,0.0,0.0,0.0,https://www.sec.gov/Archives/edgar/data/927628/000119312512346704/0001193125-12-346704-index.htm,https://www.sec.gov/Archives/edgar/data/927628/000119312512346704/d358997d10q.htm
2012-03-31,COF,2012-05-08,2012-05-08 08:30:43,Q1,3414000000,0.0,3414000000,1.0,173000000,891000000,0.0,0.0,1064000000,1064000000,565000000,234000000,2092000000,0.612770943175,1858000000,0.544229642648,0.0,1858000000,0.544229642648,353000000,1403000000,0.410954891623,2.74,2.72,444491525,444491525,https://www.sec.gov/Archives/edgar/data/927628/000119312512216807/0001193125-12-216807-index.htm,https://www.sec.gov/Archives/edgar/data/927628/000119312512216807/d311186d10q.htm
2011-12-31,COF,2012-02-29,2012-02-28 18:55:20,FY,3182000000,0.0,3182000000,1.0,177000000,817000000,0.0,0.0,994000000,994000000,519000000,176000000,747000000,0.234758013828,571000000,0.179446888749,0.0,571000000,0.179446888749,160000000,407000000,0.127906976744,0.83,0.85,444491525,444491525,https://www.sec.gov/Archives/edgar/data/927628/000119312512086138/0001193125-12-086138-index.htm,https://www.sec.gov/Archives/edgar/data/927628/000119312512086138/d258810d10k.htm
2011-09-30,COF,2011-11-07,2011-11-07 17:24:51,Q3,3283000000,0.0,3283000000,1.0,178000000,750000000,0.0,0.0,928000000,928000000,552000000,125000000,1360000000,0.414255254341,1235000000,0.376180322875,0.0,1235000000,0.376180322875,370000000,813000000,0.247639354249,1.78,1.77,455000000,461000000,https://www.sec.gov/Archives/edgar/data/927628/000119312511300062/0001193125-11-300062-index.htm,https://www.sec.gov/Archives/edgar/data/927628/000119312511300062/d226389d10q.htm
2011-06-30,COF,2011-08-05,2011-08-05 17:11:39,Q2,3136000000,0.0,3136000000,1.0,162000000,715000000,0.0,0.0,877000000,877000000,563000000,132000000,1897000000,0.604910714286,1765000000,0.562818877551,0.0,1411000000,0.44993622449,450000000,911000000,0.29049744898,2.0,1.97,454000000,461000000,https://www.sec.gov/Archives/edgar/data/927628/000119312511212562/0001193125-11-212562-index.htm,https://www.sec.gov/Archives/edgar/data/927628/000119312511212562/d10q.htm
2011-03-31,COF,2011-05-10,2011-05-10 10:43:36,Q1,3140000000,0.0,3140000000,1.0,164000000,741000000,0.0,0.0,905000000,905000000,612000000,167000000,1183000000,0.376751592357,1016000000,0.323566878981,0.0,1370000000,0.37743785850860423,354000000,1016000000,0.323566878981,2.24,2.21,406973293,406973293,https://www.sec.gov/Archives/edgar/data/927628/000114036111026158/0001140361-11-026158-index.htm,https://www.sec.gov/Archives/edgar/data/927628/000114036111026158/form10q.htm
2010-12-31,COF,2011-03-01,2011-03-01 13:38:03,FY,3023000000,0.0,3023000000,1.0,181000000,657000000,0.0,0.0,838000000,838000000,651000000,160000000,857000000,0.283493218657,697000000,0.230565663248,0.0,1029000000,0.340390340721,332000000,697000000,0.230565663248,1.54,1.52,406973293,406973293,https://www.sec.gov/Archives/edgar/data/927628/000114036111012916/0001140361-11-012916-index.htm,https://www.sec.gov/Archives/edgar/data/927628/000114036111012916/form10k.htm
2010-09-30,COF,2010-11-08,2010-11-08 15:10:31,Q3,3109000000,0.0,3109000000,1.0,179000000,641000000,0.0,-3847000000,820000000,820000000,705000000,106000000,908000000,0.292055323255,802000000,0.257960759087,0.0,1137000000,0.365712447732,335000000,802000000,0.257960759087,1.78,1.76,451655629,455679287,https://www.sec.gov/Archives/edgar/data/927628/000114036110044157/0001140361-10-044157-index.htm,https://www.sec.gov/Archives/edgar/data/927628/000114036110044157/form10q.htm
2010-06-30,COF,2010-08-09,2010-08-09 13:14:36,Q2,3096847000,0.0,3096847000,1.0,163673000,649564000,0.0,3847000000,813237000,813237000,738324000,168484000,448674000,0.14488090629,280190000,0.0904758937074,0.0,893190000,0.288419156645,368641000,607737000,0.196243792477,1.34,1.33,452363636,455677655,https://www.sec.gov/Archives/edgar/data/927628/000114036110032235/0001140361-10-032235-index.htm,https://www.sec.gov/Archives/edgar/data/927628/000114036110032235/form10q.htm
2010-03-31,COF,2010-05-07,2010-05-07 15:26:57,Q1,3228153000,0.0,3228153000,1.0,169327000,646436000,0.0,1847601000,815763000,815763000,801676000,147516000,1111326000,0.344260634487,963810000,0.298563915651,0.0,963810000,0.298563915651,244359000,636263000,0.197098154889,1.41,1.4,400165408,400165408,https://www.sec.gov/Archives/edgar/data/927628/000119312510112765/0001193125-10-112765-index.htm,https://www.sec.gov/Archives/edgar/data/927628/000119312510112765/d10q.htm
2009-12-31,COF,2010-02-26,2010-02-26 17:19:27,FY,4620243000,0.0,4620243000,1.0,0.0,0.0,0.0,7297659000,0.0,0.0,-4501857000,96729000,362923000,0.07855063034563334,266194000,0.05761471853320269,0.0,615679000,0.13325684384998798,0.0,416085000,0.09005695154995094,0.99,0.99,892708080,892708080,https://www.sec.gov/Archives/edgar/data/927628/000119312510043152/0001193125-10-043152-index.htm,https://www.sec.gov/Archives/edgar/data/927628/000119312510043152/d10k.htm
2009-09-30,COF,2009-11-09,2009-11-06 19:03:35,Q3,6752627000,0.0,6752627000,1.0,0.0,0.0,0.0,0.0,0.0,0.0,-1389348000,204288000,980799000,0.14524702756423538,776511000,0.114993912739442,0.0,776511000,0.114993912739442,0.0,504101000,0.0746525759530328,0.0,0.0,0.0,0.0,https://www.sec.gov/Archives/edgar/data/927628/000119312509227889/0001193125-09-227889-index.htm,https://www.sec.gov/Archives/edgar/data/927628/000119312509227889/d10q.htm
2009-06-30,COF,2009-08-10,2009-08-10 16:51:31,Q2,1610397000,0.0,1610397000,1.0,0.0,0.0,0.0,0.0,0.0,0.0,-1406454000,230308000,174220000,0.10818450357272151,-56088000,-0.03482867889098154,0.0,-56088000,-0.03482867889098154,0.0,-36405000,-0.02260622691174909,0.0,0.0,0.0,0.0,https://www.sec.gov/Archives/edgar/data/927628/000119312509170756/0001193125-09-170756-index.htm,https://www.sec.gov/Archives/edgar/data/927628/000119312509170756/d10q.htm
2009-03-31,COF,2009-05-08,2009-05-08 16:01:12,Q1,3067137000,0.0,3067137000,1.0,0.0,0.0,0.0,1100770000,0.0,0.0,-776254000,151278000,268690000,0.08760286873393656,117412000,0.03828065065238364,0.0,117412000,0.03828065065238364,0.0,75880000,0.024739683946299107,0.0,0.0,-328557142,-328557142,https://www.sec.gov/Archives/edgar/data/927628/000119312509105327/0001193125-09-105327-index.htm,https://www.sec.gov/Archives/edgar/data/927628/000119312509105327/d10q.htm
2008-12-31,COF,2009-02-26,2009-02-26 17:27:32,FY,13892686000,0.0,13892686000,1.0,0.0,0.0,264943000,5028271000,5293214000,5293214000,2996860000,154994000,-1241331000,-0.08935140404094644,-1396325000,-0.10050792193820547,0.0,-1686181000,-0.12137184990721017,0.0,-1421546000,-0.10232333761808192,0.14,0.14,-328557142,-328557142,https://www.sec.gov/Archives/edgar/data/927628/000119312509039271/0001193125-09-039271-index.htm,https://www.sec.gov/Archives/edgar/data/927628/000119312509039271/d10k.htm
2008-09-30,COF,2008-11-10,2008-11-07 19:13:41,Q3,2771796000,0.0,2771796000,1.0,0.0,0.0,853265000,0.0,853265000,853265000,-2996860000,175303000,1656145000,0.20242903878929042,1480842000,0.13918376388449943,0.0,2267800000,0.216254370812282,0.0,1375548000,0.13498071286631483,3.98,3.98,345615075,345615075,https://www.sec.gov/Archives/edgar/data/927628/000119312508230314/0001193125-08-230314-index.htm,https://www.sec.gov/Archives/edgar/data/927628/000119312508230314/d10q.htm
2008-06-30,COF,2008-08-08,2008-08-08 16:16:45,Q2,2691857000,0.0,2691857000,1.0,0.0,0.0,585893000,0.0,585893000,585893000,-2031709000,175626000,1270679000,0.23705716908439045,1095053000,0.17181373304748357,0.0,1668387000,0.26054170039493185,0.0,1001409000,0.16825002219657284,2.95,2.95,339460677,339460677,https://www.sec.gov/Archives/edgar/data/927628/000119312508171940/0001193125-08-171940-index.htm,https://www.sec.gov/Archives/edgar/data/927628/000119312508171940/d10q.htm
2008-03-31,COF,2008-05-09,2008-05-08 18:15:17,Q1,2879525000,0.0,2879525000,1.0,0.0,0.0,297793000,0.0,297793000,297793000,-1067608000,185507000,818062000,0.28409616169333485,632555000,0.2196733836309808,0.0,967046000,0.3358352506055686,0.0,548504000,0.19048419444179163,1.71,1.71,320762573,320762573,https://www.sec.gov/Archives/edgar/data/927628/000119312508108143/0001193125-08-108143-index.htm,https://www.sec.gov/Archives/edgar/data/927628/000119312508108143/d10q.htm
2007-12-31,COF,2008-02-29,2008-02-29 16:36:20,FY,772211000,0.0,772211000,1.0,0.0,0.0,0.0,0.0,0.0,0.0,-1119738000,196162000,363896000,0.47123907843840607,167734000,0.21721265301841078,0.0,167734000,0.21721265301841078,0.0,110034000,0.14249214269157004,0.0,0.0,0.0,0.0,https://www.sec.gov/Archives/edgar/data/927628/000119312508043757/0001193125-08-043757-index.htm,https://www.sec.gov/Archives/edgar/data/927628/000119312508043757/d10k.htm
2007-09-30,COF,2007-11-08,2007-11-08 17:18:34,Q3,2348885000,0.0,2348885000,1.0,0.0,0.0,-658267000,0.0,-658267000,-658267000,-1149961000,152739000,-1224542000,-0.5213290561266303,-1377281000,-0.5863552281188734,0.0,-1377281000,-0.5863552281188734,0.0,-961260000,-0.40924098029490585,0.0,0.0,399277871,399277871,https://www.sec.gov/Archives/edgar/data/927628/000119312507240532/0001193125-07-240532-index.htm,https://www.sec.gov/Archives/edgar/data/927628/000119312507240532/d10q.htm
2007-06-30,COF,2007-08-09,2007-08-09 15:52:23,Q2,2713061000,0.0,2713061000,1.0,0.0,0.0,658267000,0.0,658267000,658267000,-2318134000,162173000,2252469000,0.4476655703649863,2090296000,0.38789065192415506,0.0,2090296000,0.38789065192415506,0.0,1425422000,0.2765776368463518,3.57,3.57,399277871,399277871,https://www.sec.gov/Archives/edgar/data/927628/000119312507177408/0001193125-07-177408-index.htm,https://www.sec.gov/Archives/edgar/data/927628/000119312507177408/d10q.htm
2007-03-31,COF,2007-05-09,2007-05-09 16:55:25,Q1,2788013000,0.0,2788013000,1.0,0.0,0.0,331549000,0.0,331549000,331549000,-1165167000,167683000,1205608000,0.4324255302970252,1037925000,0.37228126267703915,0.0,1037925000,0.37228126267703915,0.0,675050000,0.24212584374606574,1.65,1.65,409121212,409121212,https://www.sec.gov/Archives/edgar/data/927628/000119312507108326/0001193125-07-108326-index.htm,https://www.sec.gov/Archives/edgar/data/927628/000119312507108326/d10q.htm
2006-12-31,COF,2007-03-01,2007-03-01 15:59:21,FY,0.0,0.0,0.0,0.0,0.0,0.0,0.0,0.0,0.0,0.0,-3521627000,159122000,2964355000,0.0,2805233000,0.0,0.0,2805233000,0.0,981833000,1823400000,0.0,0.0,0.0,300708023,300708023,https://www.sec.gov/Archives/edgar/data/927628/000119312507044343/0001193125-07-044343-index.htm,https://www.sec.gov/Archives/edgar/data/927628/000119312507044343/d10k.htm
2006-09-30,COF,2006-11-03,2006-11-03 16:47:38,Q3,0.0,0.0,0.0,0.0,0.0,0.0,1048964000,0.0,1048964000,1048964000,-2142336000,128748000,3212485000,0.0,3083737000,0.0,0.0,3083737000,0.0,0.0,2023765000,0.0,6.73,6.73,300708023,300708023,https://www.sec.gov/Archives/edgar/data/927628/000119312506223783/0001193125-06-223783-index.htm,https://www.sec.gov/Archives/edgar/data/927628/000119312506223783/d10q.htm
2006-06-30,COF,2006-08-07,2006-08-07 16:55:10,Q2,0.0,0.0,0.0,0.0,0.0,0.0,680466000,0.0,680466000,680466000,-1371780000,129226000,2314258000,0.0,2185032000,0.0,0.0,2185032000,0.0,0.0,1435926000,0.0,4.79,4.79,299775782,299775782,https://www.sec.gov/Archives/edgar/data/927628/000119312506163869/0001193125-06-163869-index.htm,https://www.sec.gov/Archives/edgar/data/927628/000119312506163869/d10q.htm
2006-03-31,COF,2006-05-04,2006-05-03 19:14:06,Q1,0.0,0.0,0.0,0.0,0.0,0.0,323771000,0.0,323771000,323771000,-671705000,124994000,1446373000,0.0,1321379000,0.0,0.0,1321379000,0.0,0.0,883339000,0.0,2.95,2.95,299436949,299436949,https://www.sec.gov/Archives/edgar/data/927628/000119312506098770/0001193125-06-098770-index.htm,https://www.sec.gov/Archives/edgar/data/927628/000119312506098770/d10q.htm
2005-12-31,COF,2006-03-02,2006-03-02 17:25:49,FY,0.0,0.0,0.0,0.0,0.0,0.0,0.0,0.0,0.0,0.0,-3356600000,119103000,2598807000,0.0,2479704000,0.0,0.0,2479704000,0.0,870351000,1609353000,0.0,0.0,0.0,252699008,252699008,https://www.sec.gov/Archives/edgar/data/927628/000119312506044064/0001193125-06-044064-index.htm,https://www.sec.gov/Archives/edgar/data/927628/000119312506044064/d10k.htm
2005-09-30,COF,2005-11-02,2005-11-01 19:26:15,Q3,0.0,0.0,0.0,0.0,0.0,0.0,932501000,0.0,932501000,932501000,-1449540000,110021000,2491370000,0.0,2381349000,0.0,0.0,2381349000,0.0,0.0,1528829000,0.0,6.05,6.05,252699008,252699008,https://www.sec.gov/Archives/edgar/data/927628/000119312505213367/0001193125-05-213367-index.htm,https://www.sec.gov/Archives/edgar/data/927628/000119312505213367/d10q.htm
2005-06-30,COF,2005-08-04,2005-08-04 17:28:52,Q2,0.0,0.0,0.0,0.0,0.0,0.0,588793000,0.0,588793000,588793000,-955144000,106661000,1722980000,0.0,1616319000,0.0,0.0,1616319000,0.0,0.0,1037680000,0.0,4.18,4.18,248248803,248248803,https://www.sec.gov/Archives/edgar/data/927628/000119312505157924/0001193125-05-157924-index.htm,https://www.sec.gov/Archives/edgar/data/927628/000119312505157924/d10q.htm
2005-03-31,COF,2005-05-03,2005-05-03 17:01:56,Q1,0.0,0.0,0.0,0.0,0.0,0.0,311759000,0.0,311759000,311759000,-475747000,89855000,878892000,0.0,789037000,0.0,0.0,789037000,0.0,0.0,506562000,0.0,2.08,2.08,243539423,243539423,https://www.sec.gov/Archives/edgar/data/927628/000119312505094067/0001193125-05-094067-index.htm,https://www.sec.gov/Archives/edgar/data/927628/000119312505094067/d10q.htm
2004-12-31,COF,2005-03-09,2005-03-09 12:17:54,FY,0.0,0.0,0.0,0.0,0.0,0.0,0.0,0.0,0.0,0.0,152656000,91473000,1022850000,0.0,931377000,0.0,0.0,931377000,0.0,0.0,1543482000,0.0,0.0,0.0,234496347,234496347,https://www.sec.gov/Archives/edgar/data/927628/000119312505045269/0001193125-05-045269-index.htm,https://www.sec.gov/Archives/edgar/data/927628/000119312505045269/d10k.htm
2004-09-30,COF,2004-11-01,2004-11-01 17:08:54,Q3,0.0,0.0,0.0,0.0,0.0,0.0,826638000,0.0,826638000,826638000,-1326676000,92978000,2170563000,0.0,2077585000,0.0,0.0,2077585000,0.0,0.0,1348354000,0.0,5.75,5.75,234496347,234496347,https://www.sec.gov/Archives/edgar/data/927628/000119312504182855/0001193125-04-182855-index.htm,https://www.sec.gov/Archives/edgar/data/927628/000119312504182855/d10q.htm
2004-06-30,COF,2004-08-05,2004-08-05 17:07:09,Q2,0.0,0.0,0.0,0.0,0.0,0.0,508985000,0.0,508985000,508985000,-873638000,101118000,1443723000,0.0,1342605000,0.0,0.0,1342605000,0.0,0.0,858193000,0.0,3.68,3.68,233204619,233204619,https://www.sec.gov/Archives/edgar/data/927628/000119312504132739/0001193125-04-132739-index.htm,https://www.sec.gov/Archives/edgar/data/927628/000119312504132739/d10q.htm
2004-03-31,COF,2004-05-07,2004-05-07 12:08:06,Q1,0.0,0.0,0.0,0.0,0.0,0.0,255147000,0.0,255147000,255147000,-432709000,96283000,802875000,0.0,706592000,0.0,0.0,706592000,0.0,0.0,450806000,0.0,1.94,1.94,232374226,232374226,https://www.sec.gov/Archives/edgar/data/927628/000119312504081670/0001193125-04-081670-index.htm,https://www.sec.gov/Archives/edgar/data/927628/000119312504081670/d10q.htm
2003-12-31,COF,2004-03-05,2004-03-05 09:28:19,FY,0.0,0.0,0.0,0.0,0.0,0.0,0.0,0.0,0.0,0.0,146940000,384016000,1067194000,0.0,683178000,0.0,0.0,683178000,0.0,0.0,1135842000,0.0,0.0,0.0,0.0,0.0,https://www.sec.gov/Archives/edgar/data/927628/000119312504035097/0001193125-04-035097-index.htm,https://www.sec.gov/Archives/edgar/data/927628/000119312504035097/d10k.htm
2003-09-30,COF,2003-11-10,Not found...,Q3,0.0,0.0,0.0,0.0,0.0,0.0,0.0,0.0,0.0,0.0,0.0,-186165000,-186165000,0.0,0.0,0.0,0.0,0.0,0.0,0.0,0.0,0.0,0.0,0.0,223180898,223180898,https://www.sec.gov/Archives/edgar/data/927628/000095013303003779/0000950133-03-003779-index.htm,https://www.sec.gov/Archives/edgar/data/927628/000095013303003779/w91485e10vq.htm
2003-06-30,COF,2003-08-11,2003-08-11 11:39:31,Q2,0.0,0.0,0.0,0.0,0.0,0.0,512251000,0.0,512251000,512251000,-759779000,93249000,1039111000,0.0,945862000,0.0,0.0,945862000,0.0,0.0,595893000,0.0,2.67,2.67,223180898,223180898,https://www.sec.gov/Archives/edgar/data/927628/000095013303002782/0000950133-03-002782-index.htm,https://www.sec.gov/Archives/edgar/data/927628/000095013303002782/w88920e10vq.htm
2003-03-31,COF,2003-05-14,2003-05-14 10:35:23,Q1,0.0,0.0,0.0,0.0,0.0,0.0,241696000,0.0,241696000,241696000,-371762000,92916000,583558000,0.0,490642000,0.0,0.0,490642000,0.0,0.0,309104000,0.0,1.39,1.39,222376978,222376978,https://www.sec.gov/Archives/edgar/data/927628/000095013303001810/0000950133-03-001810-index.htm,https://www.sec.gov/Archives/edgar/data/927628/000095013303001810/w86372e10vq.htm
2002-09-30,COF,2002-11-14,2002-11-14 17:48:10,Q3,0.0,0.0,0.0,0.0,0.0,0.0,859777000,0.0,859777000,859777000,-1079022000,30560000,1095023000,0.0,1064463000,0.0,0.0,1064463000,0.0,0.0,659967000,0.0,3.0,3.0,219989000,219989000,https://www.sec.gov/Archives/edgar/data/927628/000095013302003815/0000950133-02-003815-index.htm,https://www.sec.gov/Archives/edgar/data/927628/000095013302003815/w65598e10vq.htm
2002-06-30,COF,2002-08-13,2002-08-13 17:30:42,Q2,0.0,0.0,0.0,0.0,0.0,0.0,673982000,0.0,673982000,673982000,-693372000,19997000,666984000,0.0,646987000,0.0,0.0,646987000,0.0,0.0,401132000,0.0,1.83,1.83,219197814,219197814,https://www.sec.gov/Archives/edgar/data/927628/000095013302002914/0000950133-02-002914-index.htm,https://www.sec.gov/Archives/edgar/data/927628/000095013302002914/w62961e10vq.htm
2002-03-31,COF,2002-05-15,2002-05-15 15:24:19,Q1,0.0,0.0,0.0,0.0,0.0,0.0,353536000,0.0,353536000,353536000,-323123000,90314000,393564000,0.0,303250000,0.0,0.0,303250000,0.0,0.0,188015000,0.0,0.86,0.86,218622093,218622093,https://www.sec.gov/Archives/edgar/data/927628/000092762802000002/0000927628-02-000002-index.htm,https://www.sec.gov/Archives/edgar/data/927628/000092762802000002/cof10q.htm
2001-12-31,COF,2002-03-22,2002-03-22 00:00:00,FY,0.0,0.0,0.0,0.0,0.0,0.0,1082979000,0.0,1082979000,1082979000,-1171007000,95947000,1131367000,0.0,1035420000,0.0,0.0,1035420000,0.0,0.0,641965000,0.0,3.06,3.06,209792483,209792483,https://www.sec.gov/Archives/edgar/data/927628/000092838502000920/0000928385-02-000920-index.htm,https://www.sec.gov/Archives/edgar/data/927628/000092838502000920/d10k.htm
2001-09-30,COF,2001-11-14,2001-11-14 00:00:00,Q3,0.0,0.0,0.0,0.0,0.0,0.0,781819000,0.0,781819000,781819000,-856169000,160149000,908994000,0.0,748845000,0.0,0.0,748845000,0.0,0.0,464284000,0.0,2.23,2.23,208199103,208199103,https://www.sec.gov/Archives/edgar/data/927628/000092762801500041/0000927628-01-500041-index.htm,https://www.sec.gov/Archives/edgar/data/927628/000092762801500041/cofq310q01.htm
