date,symbol,fillingDate,acceptedDate,period,revenue,costOfRevenue,grossProfit,grossProfitRatio,researchAndDevelopmentExpenses,generalAndAdministrativeExpenses,sellingAndMarketingExpenses,otherExpenses,operatingExpenses,costAndExpenses,interestExpense,depreciationAndAmortization,ebitda,ebitdaratio,operatingIncome,operatingIncomeRatio,totalOtherIncomeExpensesNet,incomeBeforeTax,incomeBeforeTaxRatio,incomeTaxExpense,netIncome,netIncomeRatio,eps,epsdiluted,weightedAverageShsOut,weightedAverageShsOutDil,link,finalLink
2020-03-31,COP,None,Not found...,Q1,4811000000,2661000000,2150000000,0.4468925379339015,188000000,-3000000.0,0.0,0.0,185000000,2846000000,202000000,1411000000,-152000000,-0.031594263147,-1563000000,-0.324880482228,0.0,-1563000000,-0.324880482228,148000000,-1739000000,-0.36146331324,-1.6,-1.6,1084561.0,1084561.0,None,processing...
2019-12-31,COP,None,None,FY,8140000000,2783000000,5357000000,0.6581081081081082,151000000,187000000,0.0,0.0,338000000,3121000000,196000000,1488000000,2774000000,0.340786240786,1286000000,0.157985257985,0.0,1286000000,0.157985257985,543000000,720000000,0.0884520884521,0.68,0.68,1117260.0,1123536.0,None,processing...
2019-09-30,COP,2019-10-31,2019-10-31 11:41:40,Q3,10093000000,2710000000,7383000000,0.7314970771822055,360000000,87000000,0.0,0.0,447000000,3157000000,184000000,1566000000,5059000000,0.501238482116,3493000000,0.346081442584,0.0,3493000000,0.346081442584,422000000,3056000000,0.302784107797,2.74,2.72,1124558.0,1131034.0,https://www.sec.gov/Archives/edgar/data/1163165/000119312519279997/0001193125-19-279997-index.htm,https://www.sec.gov/Archives/edgar/data/1163165/000119312519279997/d824956d10q.htm
2019-06-30,COP,2019-08-01,2019-08-01 10:35:47,Q2,8380000000,2674000000,5706000000,0.6809069212410501,122000000,129000000,0.0,0.0,251000000,2925000000,165000000,1490000000,3548000000,0.42338902148,2058000000,0.245584725537,1000000.0,2058000000,0.245584725537,461000000,1580000000,0.188544152745,1.4,1.4,1132691.0,1139511.0,https://www.sec.gov/Archives/edgar/data/1163165/000119312519210077/0001193125-19-210077-index.htm,https://www.sec.gov/Archives/edgar/data/1163165/000119312519210077/d775509d10q.htm
2019-03-31,COP,2019-05-02,2019-05-02 11:14:37,Q1,10057000000,3675000000,6382000000,0.6345828775976932,110000000,153000000,0.0,1118000000,263000000,3938000000,233000000,1546000000,4233000000,0.420900865069,2687000000,0.267177090584,702000000,2687000000,0.267177090584,841000000,1833000000,0.182261111664,1.61,1.6,1139463.0,1146515.0,https://www.sec.gov/Archives/edgar/data/1163165/000119312519134334/0001193125-19-134334-index.htm,https://www.sec.gov/Archives/edgar/data/1163165/000119312519134334/d734823d10q.htm
2018-12-31,COP,2019-02-19,2019-02-19 11:23:45,FY,10361000000,3986000000,6375000000,0.6152880996042853,102000000,65000000,0.0,0.0,167000000,4153000000,188000000,1612000000,4284000000,0.413473602934,2672000000,0.257890165042,1000000.0,2672000000,0.257890165042,794000000,1868000000,0.180291477657,1.62,1.6,1166499.0,1175538.0,https://www.sec.gov/Archives/edgar/data/1163165/000119312519043841/0001193125-19-043841-index.htm,https://www.sec.gov/Archives/edgar/data/1163165/000119312519043841/d636257d10k.htm
2018-09-30,COP,2018-10-30,2018-10-30 12:03:42,Q3,10165000000,7824000000,2341000000,0.23030004918839153,103000000,119000000,0.0,50000000,222000000,8046000000,186000000,1494000000,4400000000,0.432857845548,2906000000,0.285882931628,0.0,2906000000,0.285882931628,1033000000,1861000000,0.18307919331,1.59,1.59,1171673.0,1180774.0,https://www.sec.gov/Archives/edgar/data/1163165/000119312518311600/0001193125-18-311600-index.htm,https://www.sec.gov/Archives/edgar/data/1163165/000119312518311600/d630380d10q.htm
2018-06-30,COP,2018-07-31,2018-07-31 10:48:32,Q2,9240000000,1313000000,7927000000,0.8579004329004329,69000000,118000000,0.0,217000000,187000000,1500000000,177000000,1438000000,4057000000,0.439069264069,2619000000,0.283441558442,1000000.0,2619000000,0.283441558442,965000000,1640000000,0.177489177489,1.4,1.38,1176064.0,1184499.0,https://www.sec.gov/Archives/edgar/data/1163165/000119312518232659/0001193125-18-232659-index.htm,https://www.sec.gov/Archives/edgar/data/1163165/000119312518232659/d586006d10q.htm
2018-03-31,COP,2018-05-01,2018-05-01 10:36:21,Q1,8961000000,1171000000,7790000000,0.8693226202432764,95000000,99000000,0.0,0.0,194000000,1365000000,184000000,1412000000,3188000000,0.35576386564,1776000000,0.198192166053,0.0,1776000000,0.198192166053,876000000,888000000,0.0990960830264,0.75,0.75,1179792.0,1186454.0,https://www.sec.gov/Archives/edgar/data/1163165/000119312518145507/0001193125-18-145507-index.htm,https://www.sec.gov/Archives/edgar/data/1163165/000119312518145507/d577738d10q.htm
2017-12-31,COP,2018-02-20,2018-02-20 10:03:26,FY,8736000000,1324000000,7412000000,0.8484432234432234,214000000,138000000,0.0,-1433000000,1000000.0,87000000,226000000,1633000000,2958000000,0.338598901099,1325000000,0.151671245421,1000000.0,1325000000,0.151671245421,-18000000,1579000000,0.180746336996,1.28,1.28,1221038.0,1221038.0,https://www.sec.gov/Archives/edgar/data/1163165/000119312518049729/0001193125-18-049729-index.htm,https://www.sec.gov/Archives/edgar/data/1163165/000119312518049729/d534096d10k.htm
2017-09-30,COP,2017-10-31,2017-10-31 11:11:28,Q3,7195000000,1224000000,5971000000,0.8298818624044475,75000000,132000000,0.0,391000000,598000000,6542000000,251000000,1608000000,2261000000,0.31424600417,653000000,0.0907574704656,0.0,653000000,0.0907574704656,217000000,420000000,0.0583738707436,0.32,0.32,1230742.0,1230742.0,https://www.sec.gov/Archives/edgar/data/1163165/000119312517326398/0001193125-17-326398-index.htm,https://www.sec.gov/Archives/edgar/data/1163165/000119312517326398/d486070d10q.htm
2017-06-30,COP,2017-08-01,2017-08-01 09:11:33,Q2,8882000000,1327000000,7555000000,0.8505967124521504,98000000,134000000,0.0,632000000,864000000,13243000000,306000000,1625000000,-1378000000,-47.51724137931034,-3003000000,-103.55172413793103,1000000.0,-3003000000,-103.55172413793103,-149000000,-2854000000,-98.41379310344827,-2.77,-2.77,1240037.0,1240037.0,https://www.sec.gov/Archives/edgar/data/1163165/000119312517243345/0001193125-17-243345-index.htm,https://www.sec.gov/Archives/edgar/data/1163165/000119312517243345/d435312d10q.htm
2017-03-31,COP,2017-05-04,2017-05-04 16:18:51,Q1,7771000000,1298000000,6473000000,0.8329687298931926,551000000,157000000,0.0,410000000,1118000000,8003000000,315000000,1979000000,1747000000,0.224810191739,548000000,0.8130563798219584,0.0,548000000,0.8130563798219584,-831000000,586000000,0.0754085703256,0.47,0.47,1243280.0,1248722.0,https://www.sec.gov/Archives/edgar/data/1163165/000119312517158717/0001193125-17-158717-index.htm,https://www.sec.gov/Archives/edgar/data/1163165/000119312517158717/d375594d10q.htm
2016-12-31,COP,2017-02-21,2017-02-21 12:34:09,FY,7254000000,1342000000,5912000000,0.8149986214502344,343000000,167000000,0.0,413000000,923000000,7262000000,-928000000,2061000000,3968000000,0.547008547009,1907000000,0.262889440309,0.0,1963000000,0.270609318996,11000000,-35000000,-1.3461538461538463,-0.03,-0.03,1245440.0,1245440.0,https://www.sec.gov/Archives/edgar/data/1163165/000119312517050077/0001193125-17-050077-index.htm,https://www.sec.gov/Archives/edgar/data/1163165/000119312517050077/d264316d10k.htm
2016-09-30,COP,2016-11-01,2016-11-01 10:55:56,Q3,6516000000,1526000000,4990000000,0.7658072437077962,457000000,203000000,0.0,443000000,1103000000,8170000000,335000000,2425000000,771000000,0.11832412523,-3683000000,-59.403225806451616,1000000.0,-3683000000,-59.403225806451616,-143000000,-3580000000,-57.74193548387097,-0.84,-0.84,1245139.0,1245139.0,https://www.sec.gov/Archives/edgar/data/1163165/000119312516754694/0001193125-16-754694-index.htm,https://www.sec.gov/Archives/edgar/data/1163165/000119312516754694/d268453d10q.htm
2016-06-30,COP,2016-08-02,2016-08-02 09:08:27,Q2,5575000000,1445000000,4130000000,0.7408071748878924,610000000,167000000,0.0,424000000,1201000000,7219000000,312000000,2329000000,685000000,0.122869955157,-2599000000,-8.721476510067115,0.0,-2599000000,-8.721476510067115,-59000000,-2540000000,-8.523489932885907,-0.86,-0.86,1244724.0,1244724.0,https://www.sec.gov/Archives/edgar/data/1163165/000119312516667631/0001193125-16-667631-index.htm,https://www.sec.gov/Archives/edgar/data/1163165/000119312516667631/d164470d10q.htm
2016-03-31,COP,2016-05-03,2016-05-03 11:11:26,Q1,5015000000,1354000000,3661000000,0.7300099700897308,505000000,186000000,0.0,390000000,1081000000,7239000000,281000000,2247000000,23000000,0.00458624127617,-1492000000,-3.73,0.0,-1492000000,-3.73,-59000000,-1469000000,-3.6725,-1.18,-1.18,1244557.0,1244557.0,https://www.sec.gov/Archives/edgar/data/1163165/000119312516574165/0001193125-16-574165-index.htm,https://www.sec.gov/Archives/edgar/data/1163165/000119312516574165/d141535d10q.htm
2015-12-31,COP,2016-02-23,2016-02-23 11:56:14,FY,6766000000,1582000000,5184000000,0.7661838604788649,2100000000,283000000,0.0,386000000,2769000000,11817000000,-652000000,2382000000,142000000,0.0209872893881,-39000000,-0.5735294117647058,-5000000.0,-3494000000,-51.38235294117647,-44000000,-3450000000,-50.73529411764706,-2.78,-2.78,1241919.0,1241919.0,https://www.sec.gov/Archives/edgar/data/1163165/000119312516472901/0001193125-16-472901-index.htm,https://www.sec.gov/Archives/edgar/data/1163165/000119312516472901/d145414d10k.htm
2015-09-30,COP,2015-11-03,2015-11-03 12:33:07,Q3,7507000000,1834000000,5673000000,0.7556946849607034,1061000000,293000000,0.0,362000000,1716000000,9248000000,240000000,2271000000,530000000,0.0706007726122,5684000000,3.2610441767068274,-1000000.0,-1124000000,-0.6448651749856569,-46000000,-1071000000,-0.6144578313253012,-0.87,-0.87,1241319.0,1241319.0,https://www.sec.gov/Archives/edgar/data/1163165/000119312515363847/0001193125-15-363847-index.htm,https://www.sec.gov/Archives/edgar/data/1163165/000119312515363847/d84505d10q.htm
2015-06-30,COP,2015-08-04,2015-08-04 12:01:19,Q2,8660000000,1798000000,6862000000,0.792378752886836,549000000,218000000,0.0,332000000,1099000000,8751000000,210000000,2329000000,2238000000,0.258429561201,93000000,0.021281464530892448,0.0,3000000.0,0.0006864988558352403,73000000,93000000,0.021281464530892448,-0.15,-0.15,1240909.0,1246130.0,https://www.sec.gov/Archives/edgar/data/1163165/000119312515276084/0001193125-15-276084-index.htm,https://www.sec.gov/Archives/edgar/data/1163165/000119312515276084/d83722d10q.htm
2015-03-31,COP,2015-05-05,2015-05-05 10:15:10,Q1,8002000000,1802000000,6200000000,0.7748062984253936,482000000,159000000,0.0,323000000,964000000,8358000000,202000000,2131000000,1775000000,0.221819545114,286000000,0.035741064733816545,29000000,-356000000,-0.04448887778055486,-642000000,272000000,0.0339915021245,0.22,0.22,1240791.0,1245531.0,https://www.sec.gov/Archives/edgar/data/1163165/000119312515170727/0001193125-15-170727-index.htm,https://www.sec.gov/Archives/edgar/data/1163165/000119312515170727/d919912d10q.htm
2014-12-31,COP,2015-02-24,2015-02-24 09:22:07,FY,11851000000,8909000000,2942000000,0.24824909290355243,773000000,132000000,0.0,1483000000,1492000000,12172000000,-475000000,2271000000,8009000000,0.28122476210541103,5738000000,0.20148179360230345,-6000000.0,5539000000,0.19449418870044594,-199000000,6869000000,0.24119526668773483,-0.04,-0.03,1237325.0,1245863.0,https://www.sec.gov/Archives/edgar/data/1163165/000119312515059281/0001193125-15-059281-index.htm,https://www.sec.gov/Archives/edgar/data/1163165/000119312515059281/d869001d10k.htm
2014-09-30,COP,2014-11-04,2014-11-04 10:02:11,Q3,12917000000,0.0,12917000000,1.0,459000000,203000000,0.0,2310000000,2972000000,10364000000,149000000,2096000000,4649000000,0.35991329256,2553000000,0.197646512348,69000000,2553000000,0.197646512348,904000000,2704000000,0.209336533251,2.18,2.16,1236431.0,1246788.0,https://www.sec.gov/Archives/edgar/data/1163165/000119312514395378/0001193125-14-395378-index.htm,https://www.sec.gov/Archives/edgar/data/1163165/000119312514395378/d813696d10q.htm
2014-06-30,COP,2014-08-05,2014-08-05 10:32:11,Q2,14701000000,0.0,14701000000,1.0,517000000,218000000,0.0,2305000000,3040000000,11241000000,155000000,2070000000,5530000000,0.376164886742,3460000000,0.235358138902,201000000,3460000000,0.235358138902,1395000000,2081000000,0.141554996259,1.68,1.67,1235515.0,1245211.0,https://www.sec.gov/Archives/edgar/data/1163165/000119312514294917/0001193125-14-294917-index.htm,https://www.sec.gov/Archives/edgar/data/1163165/000119312514294917/d766513d10q.htm
2014-03-31,COP,2014-05-06,2014-05-06 09:22:31,Q1,16048000000,0.0,16048000000,1.0,296000000,182000000,0.0,2183000000,2661000000,12350000000,171000000,1892000000,5590000000,0.34833000997,3698000000,0.230433698903,52000000,3698000000,0.230433698903,1581000000,2123000000,0.132290628116,1.72,1.71,1234968.0,1242667.0,https://www.sec.gov/Archives/edgar/data/1163165/000119312514183842/0001193125-14-183842-index.htm,https://www.sec.gov/Archives/edgar/data/1163165/000119312514183842/d719100d10q.htm
2013-12-31,COP,2014-02-25,2014-02-25 10:09:42,FY,13985000000,0.0,13985000000,1.0,321000000,247000000,0.0,2226000000,2794000000,11427000000,-340000000,1893000000,3385000000,4.507323568575233,1492000000,1.9866844207723036,1000000.0,1902000000,2.5326231691078562,1050000000,2487000000,0.177833392921,2.02,2.0,1230963.0,1239803.0,https://www.sec.gov/Archives/edgar/data/1163165/000119312514066358/0001193125-14-066358-index.htm,https://www.sec.gov/Archives/edgar/data/1163165/000119312514066358/d665238d10k.htm
2013-09-30,COP,2013-11-05,2013-11-05 08:53:07,Q3,15470000000,0.0,15470000000,1.0,313000000,249000000,0.0,2219000000,2781000000,11065000000,151000000,1902000000,6307000000,0.407692307692,4405000000,0.284744667098,0.0,4405000000,0.284744667098,1966000000,2480000000,0.160310277957,2.01,2.0,1230027.0,1238943.0,https://www.sec.gov/Archives/edgar/data/1163165/000119312513426598/0001193125-13-426598-index.htm,https://www.sec.gov/Archives/edgar/data/1163165/000119312513426598/d621298d10q.htm
2013-06-30,COP,2013-08-02,2013-08-02 09:29:28,Q2,14142000000,0.0,14142000000,1.0,321000000,193000000,0.0,1916000000,2430000000,10446000000,139000000,1832000000,5528000000,0.390892377316,3696000000,0.261349172677,1000000.0,3696000000,0.261349172677,1630000000,2050000000,0.1449582803,1.66,1.65,1229504.0,1237432.0,https://www.sec.gov/Archives/edgar/data/1163165/000119312513316331/0001193125-13-316331-index.htm,https://www.sec.gov/Archives/edgar/data/1163165/000119312513316331/d553343d10q.htm
2013-03-31,COP,2013-04-30,2013-04-30 12:08:19,Q1,14651000000,0.0,14651000000,1.0,277000000,165000000,0.0,1923000000,2365000000,10864000000,130000000,1807000000,5594000000,0.381816940823,3787000000,0.258480649785,65000000,3787000000,0.258480649785,1763000000,2139000000,0.145996860283,1.74,1.73,1229232.0,1235907.0,https://www.sec.gov/Archives/edgar/data/1163165/000119312513185508/0001193125-13-185508-index.htm,https://www.sec.gov/Archives/edgar/data/1163165/000119312513185508/d526569d10q.htm
2012-12-31,COP,2013-02-19,2013-02-19 17:09:15,FY,15279000000,0.0,15279000000,1.0,332000000,214000000,0.0,1802000000,2348000000,12168000000,-445000000,1632000000,3058000000,0.200143988481,1426000000,0.093330715361,1000000.0,1674000000,0.109562144119,1437000000,1426000000,0.093330715361,1.17,1.17,1243799.0,1253093.0,https://www.sec.gov/Archives/edgar/data/1163165/000119312513065426/0001193125-13-065426-index.htm,https://www.sec.gov/Archives/edgar/data/1163165/000119312513065426/d452384d10k.htm
2012-09-30,COP,2012-10-30,2012-10-30 15:06:32,Q3,17753000000,0.0,17753000000,1.0,219000000,330000000,0.0,6094000000,6643000000,32902000000,161000000,1699000000,3497000000,0.196980791979,1798000000,0.101278657128,-78000000,1811000000,0.102010927731,1945000000,1798000000,0.101278657128,5.6,5.55,1250641.0,1260212.0,https://www.sec.gov/Archives/edgar/data/1163165/000119312512441310/0001193125-12-441310-index.htm,https://www.sec.gov/Archives/edgar/data/1163165/000119312512441310/d404659d10q.htm
2012-06-30,COP,2012-07-31,2012-07-31 15:38:27,Q2,5036000000,0.0,5036000000,1.0,270000000,8000000.0,0.0,0.0,147000000,147000000,178000000,1411000000,3678000000,1.0657267672756157,2267000000,0.7855440826052422,1000000.0,3567000000,0.0537923416789,2040000000,2267000000,1.0333598093725178,-2.29,-2.27,1265896000,1275667000,https://www.sec.gov/Archives/edgar/data/1163165/000119312512325680/0001193125-12-325680-index.htm,https://www.sec.gov/Archives/edgar/data/1163165/000119312512325680/d358543d10q.htm
2012-03-31,COP,2012-04-30,2012-04-30 14:42:14,Q1,56132000000,0.0,56132000000,1.0,679000000,685000000,0.0,2011000000,1364000000,1364000000,209000000,1838000000,4775000000,0.085067341267,2937000000,0.0523230955605,60000000,5457000000,0.09382390238886794,2520000000,2937000000,0.0523230955605,2.29,2.27,1283493000,1293104000,https://www.sec.gov/Archives/edgar/data/1163165/000119312512195408/0001193125-12-195408-index.htm,https://www.sec.gov/Archives/edgar/data/1163165/000119312512195408/d312957d10q.htm
2011-12-31,COP,2012-02-21,2012-02-21 17:28:08,FY,46158000000,0.0,46158000000,1.0,1066000000,2078000000,0.0,0.0,3144000000,3144000000,851000000,7934000000,20370000000,0.441310282075,12436000000,0.269422418649,0.0,22935000000,0.496880280775,10499000000,12436000000,0.269422418649,9.04,8.97,1375035000,1387100000,https://www.sec.gov/Archives/edgar/data/1163165/000119312512070636/0001193125-12-070636-index.htm,https://www.sec.gov/Archives/edgar/data/1163165/000119312512070636/d267896d10k.htm
2011-09-30,COP,2011-11-01,2011-11-01 16:56:50,Q3,181957000000,0.0,181957000000,1.0,0.0,1470000000,0.0,6523000000,7993000000,170978000000,-62000000,6015000000,16994000000,0.0933956923888611,10979000000,0.0603384316074677,207000000,10979000000,0.0603384316074677,8317000000,2662000000,0.014629830124699792,6.48,6.42,1403086419,1416199376,https://www.sec.gov/Archives/edgar/data/1163165/000095012311093993/0000950123-11-093993-index.htm,https://www.sec.gov/Archives/edgar/data/1163165/000095012311093993/h84155e10vq.htm
2011-06-30,COP,2011-08-02,2011-08-02 15:06:38,Q2,6880000000,0.0,6880000000,1.0,0.0,9000000.0,0.0,0.0,9000000.0,691000000,-682000000,0.0,6189000000,0.8995639534883721,6189000000,0.8995639534883721,0.0,6189000000,0.8995639534883721,-241000000,6430000000,0.934593023255814,0.0,0.0,1441706161,1455502392,https://www.sec.gov/Archives/edgar/data/1163165/000095012311071563/0000950123-11-071563-index.htm,https://www.sec.gov/Archives/edgar/data/1163165/000095012311071563/h82408e10vq.htm
2011-03-31,COP,2011-05-03,2011-05-03 15:33:02,Q1,58247000000,0.0,58247000000,1.0,0.0,499000000,0.0,2129000000,2628000000,52451000000,-262000000,0.0,5796000000,0.09950727076072588,5796000000,0.09950727076072588,84000000,5796000000,0.09950727076072588,2754000000,3042000000,0.05222586570982197,2.11,2.09,1441706161,1455502392,https://www.sec.gov/Archives/edgar/data/1163165/000095012311043802/0000950123-11-043802-index.htm,https://www.sec.gov/Archives/edgar/data/1163165/000095012311043802/h80298e10vq.htm
2010-12-31,COP,2011-02-23,2011-02-23 12:43:13,FY,53217000000,0.0,53217000000,1.0,0.0,3000000.0,0.0,0.0,0.0,287000000,0.0,9060000000,11001000000,4.937612208258527,1941000000,0.8711849192100538,1000000.0,1941000000,0.8711849192100538,-100000000,2041000000,0.9160682226211849,0.0,0.0,0.0,0.0,https://www.sec.gov/Archives/edgar/data/1163165/000095012311016957/0000950123-11-016957-index.htm,https://www.sec.gov/Archives/edgar/data/1163165/000095012311016957/h76276e10vk.htm
2010-09-30,COP,2010-11-02,2010-11-02 17:23:58,Q3,49549000000,0.0,49549000000,1.0,0.0,2000000.0,0.0,0.0,0.0,245000000,0.0,0.0,2970000000,0.9237947122861586,2970000000,0.9237947122861586,1000000.0,2970000000,0.9237947122861586,-85000000,3055000000,0.9502332814930016,0.0,0.0,0.0,0.0,https://www.sec.gov/Archives/edgar/data/1163165/000095012310099554/0000950123-10-099554-index.htm,https://www.sec.gov/Archives/edgar/data/1163165/000095012310099554/h76057e10vq.htm
2010-06-30,COP,2010-08-05,2010-08-04 18:18:23,Q2,50127000000,0.0,50127000000,1.0,0.0,7000000.0,0.0,0.0,2000000.0,426000000,0.0,0.0,6114000000,0.9348623853211009,6114000000,0.9348623853211009,-1000000.0,6114000000,0.9348623853211009,-148000000,6262000000,0.9574923547400611,0.0,0.0,1497872340,1508571428,https://www.sec.gov/Archives/edgar/data/1163165/000095012310072660/0000950123-10-072660-index.htm,https://www.sec.gov/Archives/edgar/data/1163165/000095012310072660/h73992e10vq.htm
2010-03-31,COP,2010-05-04,2010-05-04 17:02:17,Q1,45762000000,0.0,45762000000,1.0,0.0,444000000,0.0,2083000000,2527000000,41772000000,0.0,0.0,3990000000,0.08719024518159171,3990000000,0.08719024518159171,73000000,3990000000,0.08719024518159171,1878000000,2112000000,0.04615182902845155,0.0,0.0,0.0,0.0,https://www.sec.gov/Archives/edgar/data/1163165/000095012310043643/0000950123-10-043643-index.htm,https://www.sec.gov/Archives/edgar/data/1163165/000095012310043643/h70192e10vq.htm
2009-12-31,COP,2010-02-25,2010-02-25 17:30:06,FY,5289000000,0.0,5289000000,1.0,0.0,15000000,0.0,0.0,2000000.0,648000000,-631000000,9295000000,13936000000,2.6349026280960484,4641000000,0.8774815655133296,0.0,4641000000,0.8774815655133296,-217000000,4858000000,0.9185101153337115,0.0,0.0,0.0,0.0,https://www.sec.gov/Archives/edgar/data/1163165/000095012310017187/0000950123-10-017187-index.htm,https://www.sec.gov/Archives/edgar/data/1163165/000095012310017187/h69477e10vk.htm
2009-09-30,COP,2009-11-03,2009-11-03 17:29:13,Q3,5256000000,0.0,5256000000,1.0,0.0,4000000.0,0.0,0.0,0.0,177000000,-173000000,0.0,1446000000,0.2751141552511416,1446000000,0.2751141552511416,-1000000.0,1446000000,0.2751141552511416,-57000000,1503000000,0.285958904109589,0.0,0.0,0.0,0.0,https://www.sec.gov/Archives/edgar/data/1163165/000095012309056991/0000950123-09-056991-index.htm,https://www.sec.gov/Archives/edgar/data/1163165/000095012309056991/h67772e10vq.htm
2009-06-30,COP,2009-08-04,2009-08-04 17:30:34,Q2,9674000000,0.0,9674000000,1.0,0.0,8000000.0,0.0,0.0,2000000.0,289000000,-279000000,0.0,2042000000,0.21108124870787678,2042000000,0.21108124870787678,-1000000.0,2042000000,0.21108124870787678,-96000000,2138000000,0.22100475501343808,0.0,0.0,1501754385,1528571428,https://www.sec.gov/Archives/edgar/data/1163165/000095012309029713/0000950123-09-029713-index.htm,https://www.sec.gov/Archives/edgar/data/1163165/000095012309029713/h67588e10vq.htm
2009-03-31,COP,2009-04-29,2009-04-29 17:31:03,Q1,31280000000,0.0,31280000000,1.0,0.0,475000000,0.0,2070000000,2545000000,29246000000,-310000000,0.0,2034000000,0.06502557544757033,2034000000,0.06502557544757033,124000000,2034000000,0.06502557544757033,1178000000,856000000,0.027365728900255754,0.57,0.56,1501754385,1528571428,https://www.sec.gov/Archives/edgar/data/1163165/000095013409008786/0000950134-09-008786-index.htm,https://www.sec.gov/Archives/edgar/data/1163165/000095013409008786/h66537e10vq.htm
2008-12-31,COP,2009-02-25,2009-02-25 17:24:43,FY,12224000000,0.0,12224000000,1.0,0.0,12000000,0.0,0.0,12000000,346000000,-334000000,-6748000000,-23860000000,-1.9518979057591623,-17112000000,-1.399869109947644,-3000000.0,-17112000000,-1.399869109947644,-114000000,-16998000000,-1.3905431937172774,0.0,0.0,1536524453,1554315789,https://www.sec.gov/Archives/edgar/data/1163165/000136231009002769/0001362310-09-002769-index.htm,https://www.sec.gov/Archives/edgar/data/1163165/000136231009002769/c81244e10vk.htm
2008-09-30,COP,2008-10-29,2008-10-29 17:26:54,Q3,186664000000,0.0,186664000000,1.0,0.0,1661000000,0.0,7193000000,8854000000,174332000000,-528000000,2361000000,19633000000,0.10517828826126087,17272000000,0.09252989328418977,556000000,17272000000,0.09252989328418977,12084000000,5188000000,0.027793254189345563,9.61,9.5,1536524453,1554315789,https://www.sec.gov/Archives/edgar/data/1163165/000095012908005358/0000950129-08-005358-index.htm,https://www.sec.gov/Archives/edgar/data/1163165/000095012908005358/h64658e10vq.htm
2008-06-30,COP,2008-07-30,2008-07-29 17:53:16,Q2,9674000000,0.0,9674000000,1.0,0.0,7000000.0,0.0,0.0,7000000.0,135000000,-128000000,2178000000,11717000000,1.2111846185652264,9539000000,0.9860450692578044,-1000000.0,9539000000,0.9860450692578044,-39000000,9578000000,0.9900764936944387,0.0,0.0,1561886792,1579770992,https://www.sec.gov/Archives/edgar/data/1163165/000095012908004130/0000950129-08-004130-index.htm,https://www.sec.gov/Archives/edgar/data/1163165/000095012908004130/h58804e10vq.htm
2008-03-31,COP,2008-04-30,2008-04-30 16:41:03,Q1,56552000000,0.0,56552000000,1.0,0.0,526000000,0.0,2165000000,2691000000,49003000000,-207000000,2209000000,9758000000,0.1725491582967888,7549000000,0.1334877634743245,310000000,7549000000,0.1334877634743245,3410000000,4139000000,0.07318927712547743,2.65,2.62,1561886792,1579770992,https://www.sec.gov/Archives/edgar/data/1163165/000095012908002540/0000950129-08-002540-index.htm,https://www.sec.gov/Archives/edgar/data/1163165/000095012908002540/h56205e10vq.htm
2007-12-31,COP,2008-02-22,2008-02-21 21:49:43,FY,4449000000,0.0,4449000000,1.0,0.0,4000000.0,0.0,0.0,4000000.0,131000000,-127000000,2206000000,6631000000,1.4904472915261857,4425000000,0.9946055293324343,0.0,4318000000,0.970555180939537,-53000000,4371000000,0.9824679703304113,0.0,0.0,0.0,0.0,https://www.sec.gov/Archives/edgar/data/1163165/000095012908001094/0000950129-08-001094-index.htm,https://www.sec.gov/Archives/edgar/data/1163165/000095012908001094/h53977e10vk.htm
2007-09-30,COP,2007-11-01,2007-10-31 18:40:52,Q3,7775000000,0.0,7775000000,1.0,0.0,13000000,0.0,0.0,13000000,309000000,-296000000,2052000000,9518000000,1.2241800643086818,7466000000,0.9602572347266881,4000000.0,7466000000,0.9602572347266881,-54000000,7520000000,0.9672025723472669,0.0,0.0,1644017094,1665367965,https://www.sec.gov/Archives/edgar/data/1163165/000095012907005208/0000950129-07-005208-index.htm,https://www.sec.gov/Archives/edgar/data/1163165/000095012907005208/h50897e10vq.htm
2007-06-30,COP,2007-08-01,2007-08-01 17:22:35,Q2,49397000000,0.0,49397000000,1.0,0.0,604000000,0.0,1953000000,2557000000,45879000000,-319000000,2016000000,5534000000,0.11203109500576958,3518000000,0.07121889993319433,521000000,3518000000,0.07121889993319433,3217000000,301000000,0.006093487458752556,2.34,2.31,1644017094,1665367965,https://www.sec.gov/Archives/edgar/data/1163165/000095012907003678/0000950129-07-003678-index.htm,https://www.sec.gov/Archives/edgar/data/1163165/000095012907003678/h48570e10vq.htm
2007-03-31,COP,2007-05-03,2007-05-02 20:02:48,Q1,42867000000,0.0,42867000000,1.0,0.0,527000000,0.0,1965000000,2492000000,36801000000,-307000000,2024000000,8090000000,0.18872326031679382,6066000000,0.14150745328574427,618000000,6066000000,0.14150745328574427,2520000000,3546000000,0.08272097417593953,2.15,2.12,1649302325,1672641509,https://www.sec.gov/Archives/edgar/data/1163165/000095013407009955/0000950134-07-009955-index.htm,https://www.sec.gov/Archives/edgar/data/1163165/000095013407009955/h46097e10vq.htm
2006-12-31,COP,2007-02-23,2007-02-23 10:38:06,FY,15971000000,0.0,15971000000,1.0,0.0,19000000,0.0,0.0,19000000,556000000,-537000000,2002000000,17552000000,1.098991922860184,15550000000,0.9736397219961179,0.0,15415000000,0.9651869012585311,-135000000,15550000000,0.9736397219961179,0.0,0.0,11437962962,11437962962,https://www.sec.gov/Archives/edgar/data/1163165/000110465907013338/0001104659-07-013338-index.htm,https://www.sec.gov/Archives/edgar/data/1163165/000110465907013338/a07-4741_110k.htm
2006-09-30,COP,2006-11-02,2006-11-01 18:50:41,Q3,49585000000,0.0,49585000000,1.0,0.0,650000000,0.0,1990000000,2640000000,41648000000,-308000000,2137000000,6013000000,0.12126651205001512,3876000000,0.07816880104870425,313000000,7937000000,0.16006856912372694,4061000000,3876000000,0.07816880104870425,1.08,1.08,11437962962,11437962962,https://www.sec.gov/Archives/edgar/data/1163165/000110465906070352/0001104659-06-070352-index.htm,https://www.sec.gov/Archives/edgar/data/1163165/000110465906070352/a06-21937_110q.htm
2006-06-30,COP,2006-08-03,2006-08-03 15:11:26,Q2,48476000000,0.0,48476000000,1.0,0.0,610000000,0.0,2084000000,2694000000,39794000000,-360000000,1965000000,7151000000,0.14751629672415215,5186000000,0.1069807739912534,163000000,8682000000,0.17909893555573891,3496000000,5186000000,0.1069807739912534,0.72,0.72,11773611111,11773611111,https://www.sec.gov/Archives/edgar/data/1163165/000110465906051130/0001104659-06-051130-index.htm,https://www.sec.gov/Archives/edgar/data/1163165/000110465906051130/a06-15633_110q.htm
2006-03-31,COP,2006-05-04,2006-05-04 17:24:19,Q1,47927000000,0.0,47927000000,1.0,0.0,566000000,0.0,1649000000,2215000000,42130000000,-115000000,1180000000,4471000000,0.09328770838984289,3291000000,0.06866693095749786,61000000,5797000000,0.1209547854028001,2506000000,3291000000,0.06866693095749786,0.36,0.36,9141666666,9141666666,https://www.sec.gov/Archives/edgar/data/1163165/000110465906031262/0001104659-06-031262-index.htm,https://www.sec.gov/Archives/edgar/data/1163165/000110465906031262/a06-9807_110q.htm
2005-12-31,COP,2006-02-27,2006-02-27 06:22:03,FY,13759000000,0.0,13759000000,1.0,0.0,16000000,0.0,0.0,16000000,151000000,-135000000,1178000000,14818000000,1.0769678028926521,13640000000,0.9913511156334036,-25000000,13608000000,0.9890253652154953,-32000000,13529000000,0.9832836688712843,0.0,0.0,11321839080,11321839080,https://www.sec.gov/Archives/edgar/data/1163165/000110465906012015/0001104659-06-012015-index.htm,https://www.sec.gov/Archives/edgar/data/1163165/000110465906012015/a06-2522_110k.htm
2005-09-30,COP,2005-11-02,2005-11-02 16:45:55,Q3,49659000000,0.0,49659000000,1.0,0.0,612000000,0.0,1370000000,1982000000,43105000000,-122000000,1049000000,4853000000,0.0977264946938118,3804000000,0.07660242856279828,42000000,6554000000,0.13198010431140378,2750000000,3800000000,0.07652187921625486,0.87,0.87,11321839080,11321839080,https://www.sec.gov/Archives/edgar/data/1163165/000110465905051933/0001104659-05-051933-index.htm,https://www.sec.gov/Archives/edgar/data/1163165/000110465905051933/a05-19195_110q.htm
2005-06-30,COP,2005-08-03,2005-08-03 17:13:48,Q2,42614000000,0.0,42614000000,1.0,0.0,539000000,0.0,1608000000,2147000000,37182000000,-127000000,985000000,4116000000,0.09658797578260665,3131000000,0.0734735063594124,105000000,5432000000,0.12746984559065097,4318000000,3138000000,0.0736377716243488,0.56,0.56,10803571428,10803571428,https://www.sec.gov/Archives/edgar/data/1163165/000095012905007608/0000950129-05-007608-index.htm,https://www.sec.gov/Archives/edgar/data/1163165/000095012905007608/h27480e10vq.htm
2005-03-31,COP,2005-05-05,2005-05-04 18:46:56,Q1,38918000000,0.0,38918000000,1.0,0.0,539000000,0.0,1413000000,1952000000,33978000000,-138000000,1041000000,3964000000,0.10185518269181355,2923000000,0.07510663446220257,234000000,4940000000,0.12693355259776967,0.0,2912000000,0.07482398889973792,0.5,0.5,5824000000,5824000000,https://www.sec.gov/Archives/edgar/data/1163165/000095012905004686/0000950129-05-004686-index.htm,https://www.sec.gov/Archives/edgar/data/1163165/000095012905004686/h24933e10vq.htm
2004-12-31,COP,2005-02-25,2005-02-25 15:09:37,FY,8184000000,0.0,8184000000,1.0,0.0,10000000,0.0,0.0,10000000,102000000,-92000000,1030000000,9137000000,1.116446725317693,8107000000,0.9905913978494624,1000000.0,8082000000,0.9875366568914956,-25000000,8129000000,0.9932795698924731,0.0,0.0,4416279069,4416279069,https://www.sec.gov/Archives/edgar/data/1163165/000095012905001641/0000950129-05-001641-index.htm,https://www.sec.gov/Archives/edgar/data/1163165/000095012905001641/h22551e10vk.htm
2004-09-30,COP,2004-11-04,2004-11-04 16:54:07,Q3,93189000000,0.0,93189000000,1.0,0.0,1498000000,0.0,3821000000,5319000000,86702000000,-361000000,938000000,2949000000,0.031645365869362264,2011000000,0.02157980019100967,212000000,6487000000,0.06961122020839369,4476000000,2006000000,0.02152614578973913,1.29,1.29,4416279069,4416279069,https://www.sec.gov/Archives/edgar/data/1163165/000095012904008504/0000950129-04-008504-index.htm,https://www.sec.gov/Archives/edgar/data/1163165/000095012904008504/h19660e10vq.htm
2004-06-30,COP,2004-08-05,2004-08-05 10:02:35,Q2,3655000000,0.0,3655000000,1.0,0.0,4000000.0,0.0,0.0,4000000.0,48000000,-44000000,912000000,4528000000,1.2388508891928864,3616000000,0.9893296853625171,0.0,3607000000,0.9868673050615595,-9000000.0,3691000000,1.0098495212038303,0.0,0.0,3758139534,3758139534,https://www.sec.gov/Archives/edgar/data/1163165/000095012904005569/0000950129-04-005569-index.htm,https://www.sec.gov/Archives/edgar/data/1163165/000095012904005569/h17212e10vq.htm
2004-03-31,COP,2004-05-07,2004-05-06 20:05:30,Q1,30217000000,0.0,30217000000,1.0,0.0,464000000,0.0,1255000000,1719000000,27253000000,-145000000,918000000,2521000000,0.08342985736505941,1603000000,0.05304960783664824,148000000,2964000000,0.09809047886951054,1361000000,1616000000,0.05347982923519873,0.43,0.43,3758139534,3758139534,https://www.sec.gov/Archives/edgar/data/1163165/000095012904002924/0000950129-04-002924-index.htm,https://www.sec.gov/Archives/edgar/data/1163165/000095012904002924/h15041e10vq.htm
2003-12-31,COP,2004-03-02,2004-03-01 21:56:31,FY,4674000000,0.0,4674000000,1.0,0.0,18000000,0.0,0.0,18000000,135000000,-117000000,911000000,5504000000,1.1775780915703893,4593000000,0.9826700898587933,0.0,4539000000,0.9711168164313222,-54000000,4735000000,1.013050919982884,0.0,0.0,3079166666,3079166666,https://www.sec.gov/Archives/edgar/data/1163165/000095013404002756/0000950134-04-002756-index.htm,https://www.sec.gov/Archives/edgar/data/1163165/000095013404002756/h12939e10vk.htm
2003-09-30,COP,2003-11-12,2003-11-12 15:23:12,Q3,76744000000,0.0,76744000000,1.0,0.0,1596000000,0.0,3661000000,5257000000,72434000000,-582000000,878000000,2136000000,0.027832794746169082,1258000000,0.016392160950693214,378000000,4310000000,0.056160742207859896,3080000000,1120000000,0.014593974773272178,1.2,1.2,3079166666,3079166666,https://www.sec.gov/Archives/edgar/data/1163165/000095012903005563/0000950129-03-005563-index.htm,https://www.sec.gov/Archives/edgar/data/1163165/000095012903005563/h10218e10vq.htm
2003-06-30,COP,2003-08-13,2003-08-13 11:26:57,Q2,1100000000,0.0,1100000000,1.0,0.0,4000000.0,0.0,0.0,4000000.0,38000000,-34000000,819000000,1898000000,1.7254545454545454,1079000000,0.980909090909091,0.0,1062000000,0.9654545454545455,-17000000,1138000000,1.0345454545454544,0.0,0.0,0.0,0.0,https://www.sec.gov/Archives/edgar/data/1163165/000095012903004133/0000950129-03-004133-index.htm,https://www.sec.gov/Archives/edgar/data/1163165/000095012903004133/h08142e10vq.htm
