date,symbol,fillingDate,acceptedDate,period,revenue,costOfRevenue,grossProfit,grossProfitRatio,researchAndDevelopmentExpenses,generalAndAdministrativeExpenses,sellingAndMarketingExpenses,otherExpenses,operatingExpenses,costAndExpenses,interestExpense,depreciationAndAmortization,ebitda,ebitdaratio,operatingIncome,operatingIncomeRatio,totalOtherIncomeExpensesNet,incomeBeforeTax,incomeBeforeTaxRatio,incomeTaxExpense,netIncome,netIncomeRatio,eps,epsdiluted,weightedAverageShsOut,weightedAverageShsOutDil,link,finalLink
2020-03-31,CVS,2020-05-06,2020-05-06 06:39:08,Q1,66755000000,40347000000,26408000000,0.39559583551793875,0.0,0.0,0.0,8563000000,8563000000,63297000000,733000000,1086000000,4544000000,0.0680698075051,3458000000,0.0518013631938,-54000000,2779000000,0.0416298404614,767000000,2007000000,0.0300651636582,1.54,1.53,1306000000,1312000000,https://www.sec.gov/Archives/edgar/data/64803/000006480320000015/0000064803-20-000015-index.htm,https://www.sec.gov/Archives/edgar/data/64803/000006480320000015/a0331202010-q.htm
2019-12-31,CVS,2020-02-18,2020-02-18 06:26:11,FY,66889000000,42065000000,24824000000,0.37112230710580213,0.0,0.0,0.0,8654000000,8654000000,50719000000,-734000000,0.0,3037000000,0.045403579063822155,3037000000,0.045403579063822155,-31000000,2334000000,0.03489362974480109,590000000,1744000000,0.026073046390288387,0.0,0.0,1300000000,1300000000,https://www.sec.gov/Archives/edgar/data/64803/000006480320000007/0000064803-20-000007-index.htm,https://www.sec.gov/Archives/edgar/data/64803/000006480320000007/a2019form10-k.htm
2019-09-30,CVS,2019-11-06,2019-11-06 06:55:57,Q3,64810000000,40437000000,24373000000,0.3760685079463046,0.0,0.0,0.0,8595000000,8595000000,61882000000,747000000,1092000000,4020000000,0.0620274648974,2928000000,0.0451782132387,-31000000,2133000000,0.0329115877179,604000000,1530000000,0.0236074679833,1.18,1.17,1300000000,1303000000,https://www.sec.gov/Archives/edgar/data/64803/000006480319000049/0000064803-19-000049-index.htm,https://www.sec.gov/Archives/edgar/data/64803/000006480319000049/a0930201910-q.htm
2019-06-30,CVS,2019-08-07,2019-08-07 16:28:04,Q2,63431000000,38970000000,24461000000,0.3856316312213271,0.0,0.0,0.0,8042000000,8042000000,60099000000,772000000,1072000000,4404000000,0.0694297740852,3332000000,0.0525295202661,-31000000,2591000000,0.0408475351169,660000000,1936000000,0.0305213539121,1.49,1.49,1299000000,1302000000,https://www.sec.gov/Archives/edgar/data/64803/000006480319000039/0000064803-19-000039-index.htm,https://www.sec.gov/Archives/edgar/data/64803/000006480319000039/a0630201910-q.htm
2019-03-31,CVS,2019-05-01,2019-05-01 16:57:10,Q1,61646000000,37247000000,24399000000,0.39579210329948417,0.0,0.0,0.0,8250000000,8250000000,58956000000,782000000,1111000000,3801000000,0.0616585017682,2690000000,0.0436362456607,-31000000,1939000000,0.0314537845116,512000000,1421000000,0.0230509684327,1.09,1.09,1298000000,1302000000,https://www.sec.gov/Archives/edgar/data/64803/000006480319000021/0000064803-19-000021-index.htm,https://www.sec.gov/Archives/edgar/data/64803/000006480319000021/cvs-20190331x10q.htm
2018-12-31,CVS,2019-02-28,2019-02-28 07:02:43,FY,54909000000,38165000000,16744000000,0.3049409022200368,0.0,0.0,0.0,21368000000,21368000000,72276000000,2619000000,807000000,2116000000,0.0385364876432,1309000000,0.0238394434428,-4000000.0,102000000,0.00185761896957,524000000,-421000000,-0.0076672312371378094,-0.4,-0.4,1044000000,1044000000,https://www.sec.gov/Archives/edgar/data/64803/000006480319000013/0000064803-19-000013-index.htm,https://www.sec.gov/Archives/edgar/data/64803/000006480319000013/cvs-2018231x10k.htm
2018-09-30,CVS,2018-11-06,2018-11-06 16:28:30,Q3,47269000000,39941000000,7328000000,0.15502760794601111,0.0,0.0,0.0,4975000000,4975000000,39941000000,0.0,620000000,2973000000,0.0628953436713,2353000000,0.0497789248768,0.0,1899000000,0.0401743214369,509000000,1390000000,0.0294061647168,1.37,1.37,1018000000,1018000000,https://www.sec.gov/Archives/edgar/data/64803/000155837018008642/0001558370-18-008642-index.htm,https://www.sec.gov/Archives/edgar/data/64803/000155837018008642/cvs-20180930x10q.htm
2018-06-30,CVS,2018-08-08,2018-08-08 07:12:37,Q2,46708000000,39507000000,7201000000,0.1541705917615826,0.0,0.0,0.0,4867000000,4867000000,34594000000,0.0,647000000,-1915000000,-0.040999400530958297,-2562000000,-0.054851417316091465,0.0,-2065000000,-0.04421084182581143,497000000,-2563000000,-0.05487282692472382,-2.52,-2.52,1017000000,1017000000,https://www.sec.gov/Archives/edgar/data/64803/000155837018006683/0001558370-18-006683-index.htm,https://www.sec.gov/Archives/edgar/data/64803/000155837018006683/cvs-20180630x10q.htm
2018-03-31,CVS,2018-05-02,2018-05-02 17:09:27,Q1,45693000000,38834000000,6859000000,0.15011052021097324,0.0,0.0,0.0,4913000000,4913000000,43747000000,0.0,644000000,2590000000,0.0566826428556,1946000000,0.0425885803077,0.0,1470000000,0.0321712297288,472000000,998000000,0.0218414199111,0.98,0.98,1016000000,1019000000,https://www.sec.gov/Archives/edgar/data/64803/000155837018003777/0001558370-18-003777-index.htm,https://www.sec.gov/Archives/edgar/data/64803/000155837018003777/cvs-20180331x10q.htm
2017-12-31,CVS,2018-02-14,2018-02-14 17:30:39,FY,48385000000,40481000000,7904000000,0.16335641211119148,0.0,0.0,0.0,4796000000,4796000000,45277000000,1062000000,622000000,3730000000,0.0770900072336,3108000000,0.0642347835073,0.0,2809000000,0.0580551823912,-478000000,3287000000,0.067934277152,3.22,3.2,1020000000,1024000000,https://www.sec.gov/Archives/edgar/data/64803/000155837018000707/0001558370-18-000707-index.htm,https://www.sec.gov/Archives/edgar/data/64803/000155837018000707/cvs-20171231x10k.htm
2017-09-30,CVS,2017-11-06,2017-11-06 16:50:35,Q3,46181000000,39055000000,7126000000,0.1543058833719495,0.0,0.0,0.0,4627000000,4627000000,43682000000,0.0,615000000,3114000000,0.0674303284901,2499000000,0.0541131634222,0.0,2062000000,0.0446503973496,777000000,1285000000,0.0278252961175,1.26,1.26,1022000000,1026000000,https://www.sec.gov/Archives/edgar/data/64803/000155837017008250/0001558370-17-008250-index.htm,https://www.sec.gov/Archives/edgar/data/64803/000155837017008250/cvs-20170930x10q.htm
2017-06-30,CVS,2017-08-08,2017-08-08 07:16:34,Q2,45685000000,38750000000,6935000000,0.15180037211338512,0.0,0.0,0.0,4818000000,4818000000,43568000000,0.0,623000000,2740000000,0.0599759220751,2117000000,0.0463390609609,0.0,1863000000,0.0407792492065,766000000,1098000000,0.0240341468753,1.07,1.06,1024000000,1029000000,https://www.sec.gov/Archives/edgar/data/64803/000155837017006198/0001558370-17-006198-index.htm,https://www.sec.gov/Archives/edgar/data/64803/000155837017006198/cvs-20170630x10q.htm
2017-03-31,CVS,2017-05-02,2017-05-02 16:07:28,Q1,44514000000,37934000000,6580000000,0.14781866379116682,0.0,0.0,0.0,4787000000,4787000000,42721000000,0.0,619000000,2412000000,0.0541852001617,1793000000,0.040279462641,0.0,1534000000,0.0344610684279,572000000,952000000,0.0213865300804,0.92,0.92,1030000000,1035000000,https://www.sec.gov/Archives/edgar/data/64803/000155837017003258/0001558370-17-003258-index.htm,https://www.sec.gov/Archives/edgar/data/64803/000155837017003258/cvs-20170331x10q.htm
2016-12-31,CVS,2017-02-09,2017-02-09 16:03:16,FY,45971000000,38365000000,7606000000,0.16545213286637228,0.0,0.0,0.0,4611000000,4611000000,42976000000,248000000,628000000,3623000000,0.07881055448,2995000000,0.0651497683322,0.0,2753000000,0.0598855800396,1046000000,1707000000,0.0371321050227,1.59,1.58,1073000000,1079000000,https://www.sec.gov/Archives/edgar/data/64803/000006480317000006/0000064803-17-000006-index.htm,https://www.sec.gov/Archives/edgar/data/64803/000006480317000006/cvs-20161231x10k.htm
2016-09-30,CVS,2016-11-08,2016-11-08 07:00:02,Q3,44615000000,37123000000,7492000000,0.1679255855653928,0.0,0.0,0.0,4675000000,4675000000,41798000000,258000000,611000000,3428000000,0.0768351451306,2817000000,0.0631401994845,0.0,2463000000,0.0552056483246,921000000,1540000000,0.0345175389443,1.43,1.42,1076000000,1082000000,https://www.sec.gov/Archives/edgar/data/64803/000006480316000097/0000064803-16-000097-index.htm,https://www.sec.gov/Archives/edgar/data/64803/000006480316000097/cvs20160930-10q.htm
2016-06-30,CVS,2016-08-02,2016-08-02 16:41:10,Q2,43725000000,36710000000,7015000000,0.1604345340194397,0.0,0.0,0.0,4665000000,4665000000,41375000000,284000000,619000000,2969000000,0.0679016580903,2350000000,0.0537449971412,0.0,1528000000,0.0349456832476,604000000,924000000,0.0211320754717,0.87,0.86,1081000000,1087000000,https://www.sec.gov/Archives/edgar/data/64803/000006480316000090/0000064803-16-000090-index.htm,https://www.sec.gov/Archives/edgar/data/64803/000006480316000090/cvs20160630-10q.htm
2016-03-31,CVS,2016-05-03,2016-05-03 16:48:13,Q1,43215000000,36471000000,6744000000,0.15605692467893093,0.0,0.0,0.0,4568000000,4568000000,41039000000,288000000,617000000,2793000000,0.0646303366886,2176000000,0.0503528867291,0.0,1893000000,0.0438042346407,746000000,1146000000,0.026518569941,1.04,1.04,1092000000,1099000000,https://www.sec.gov/Archives/edgar/data/64803/000006480316000080/0000064803-16-000080-index.htm,https://www.sec.gov/Archives/edgar/data/64803/000006480316000080/cvs20160331-10q.htm
2015-12-31,CVS,2016-02-09,2016-02-09 16:29:44,FY,41146000000,33845000000,7301000000,0.17744130656685947,0.0,0.0,0.0,4572000000,4572000000,38417000000,282000000,582000000,3311000000,0.0804695474651,2729000000,0.0663247946337,0.0,2453000000,0.0596169737034,953000000,1498000000,0.0364069411364,1.34,1.34,1118000000,1126000000,https://www.sec.gov/Archives/edgar/data/64803/000006480316000074/0000064803-16-000074-index.htm,https://www.sec.gov/Archives/edgar/data/64803/000006480316000074/cvs-20151231x10k.htm
2015-09-30,CVS,2015-10-30,2015-10-30 16:50:32,Q3,38643000000,31982000000,6661000000,0.17237274538726288,0.0,0.0,0.0,4330000000,4330000000,36312000000,268000000,532000000,2863000000,0.0740884506896,2331000000,0.0603214036177,0.0,2069000000,0.0535413917139,832000000,1246000000,0.0322438734053,1.12,1.1,1122000000,1130000000,https://www.sec.gov/Archives/edgar/data/64803/000006480315000064/0000064803-15-000064-index.htm,https://www.sec.gov/Archives/edgar/data/64803/000006480315000064/cvs20150930-10q.htm
2015-06-30,CVS,2015-08-04,2015-08-04 16:54:05,Q2,37169000000,30767000000,6402000000,0.17224030778336785,0.0,0.0,0.0,4140000000,4140000000,34907000000,172000000,488000000,2750000000,0.0739863865049,2262000000,0.0608571659178,0.0,2096000000,0.056391078587,824000000,1272000000,0.0342220667761,1.12,1.12,1126000000,1134000000,https://www.sec.gov/Archives/edgar/data/64803/000006480315000054/0000064803-15-000054-index.htm,https://www.sec.gov/Archives/edgar/data/64803/000006480315000054/cvs20150630-10q.htm
2015-03-31,CVS,2015-05-01,2015-05-01 16:34:03,Q1,36332000000,30168000000,6164000000,0.16965760211383904,0.0,0.0,0.0,4032000000,4032000000,34200000000,137000000,490000000,2622000000,0.0721677859738,2132000000,0.0586810525157,0.0,1998000000,0.0549928437741,777000000,1221000000,0.0336067378619,1.08,1.07,1128000000,1136000000,https://www.sec.gov/Archives/edgar/data/64803/000006480315000023/0000064803-15-000023-index.htm,https://www.sec.gov/Archives/edgar/data/64803/000006480315000023/cvs20150331-10q.htm
2014-12-31,CVS,2015-02-10,2015-02-10 16:48:54,FY,37055000000,30422000000,6633000000,0.17900418297125895,0.0,0.0,0.0,4312000000,4312000000,34734000000,135000000,489000000,2810000000,0.0758332208879,2321000000,0.0626366212387,0.0,2190000000,0.0591013358521,868000000,1321000000,0.0356497098907,1.14,1.14,1161000000,1169000000,https://www.sec.gov/Archives/edgar/data/64803/000006480315000008/0000064803-15-000008-index.htm,https://www.sec.gov/Archives/edgar/data/64803/000006480315000008/cvs-20141231x10k.htm
2014-09-30,CVS,2014-11-04,2014-11-04 16:03:52,Q3,35021000000,28553000000,6468000000,0.18468918648810714,0.0,0.0,0.0,4222000000,4222000000,32775000000,158000000,477000000,2723000000,0.0777533479912,2246000000,0.0641329488021,0.0,1572000000,0.0448873533023,624000000,948000000,0.0270694726022,0.81,0.81,1167000000,1175000000,https://www.sec.gov/Archives/edgar/data/64803/000006480314000036/0000064803-14-000036-index.htm,https://www.sec.gov/Archives/edgar/data/64803/000006480314000036/cvs20140930-10q.htm
2014-06-30,CVS,2014-08-05,2014-08-05 16:49:36,Q2,34602000000,28278000000,6324000000,0.18276400208080457,0.0,0.0,0.0,4116000000,4116000000,32394000000,161000000,488000000,2696000000,0.0779145714121,2208000000,0.0638113403849,0.0,2050000000,0.0592451303393,804000000,1246000000,0.0360094792209,1.07,1.06,1172000000,1182000000,https://www.sec.gov/Archives/edgar/data/64803/000006480314000028/0000064803-14-000028-index.htm,https://www.sec.gov/Archives/edgar/data/64803/000006480314000028/cvs20140630-10q.htm
2014-03-31,CVS,2014-05-02,2014-05-02 17:03:10,Q1,32689000000,26747000000,5942000000,0.18177368533757532,0.0,0.0,0.0,3918000000,3918000000,30665000000,161000000,477000000,2501000000,0.0765089173728,2024000000,0.0619168527639,0.0,1866000000,0.057083422558,737000000,1129000000,0.0345376120407,0.96,0.95,1180000000,1190000000,https://www.sec.gov/Archives/edgar/data/64803/000006480314000017/0000064803-14-000017-index.htm,https://www.sec.gov/Archives/edgar/data/64803/000006480314000017/cvs20140331-10q.htm
2013-12-31,CVS,2014-02-11,2014-02-11 07:05:55,FY,32782000000,26451000000,6331000000,0.19312427551705205,0.0,0.0,0.0,4122000000,4122000000,30573000000,138000000,458000000,2667000000,0.0813556219877,2209000000,0.0673845402965,0.0,2074000000,0.0632664266976,812000000,1261000000,0.0384662314685,1.05,1.04,1217000000,1226000000,https://www.sec.gov/Archives/edgar/data/64803/000006480314000008/0000064803-14-000008-index.htm,https://www.sec.gov/Archives/edgar/data/64803/000006480314000008/cvs-20131231x10k.htm
2013-09-30,CVS,2013-11-05,2013-11-05 16:08:54,Q3,31968000000,25934000000,6034000000,0.18875125125125125,0.0,0.0,0.0,3873000000,3873000000,29807000000,125000000,461000000,2622000000,0.0820195195195,2161000000,0.0675988488488,0.0,2039000000,0.0637825325325,779000000,1254000000,0.0392267267267,1.03,1.02,1226000000,1234000000,https://www.sec.gov/Archives/edgar/data/64803/000006480313000027/0000064803-13-000027-index.htm,https://www.sec.gov/Archives/edgar/data/64803/000006480313000027/cvs20130930-10q.htm
2013-06-30,CVS,2013-08-06,2013-08-06 16:36:15,Q2,31248000000,25412000000,5836000000,0.18676395289298514,0.0,0.0,0.0,3868000000,3868000000,29280000000,127000000,449000000,2417000000,0.0773489503328,1968000000,0.062980030722,0.0,1842000000,0.0589477726575,720000000,1121000000,0.0358742959549,0.91,0.91,1230000000,1238000000,https://www.sec.gov/Archives/edgar/data/64803/000006480313000021/0000064803-13-000021-index.htm,https://www.sec.gov/Archives/edgar/data/64803/000006480313000021/cvs20130630-10q.htm
2013-03-31,CVS,2013-05-01,2013-05-01 16:41:34,Q1,30763000000,25181000000,5582000000,0.18145174397815558,0.0,0.0,0.0,3883000000,3883000000,29064000000,127000000,502000000,2201000000,0.0715469882651,1699000000,0.0552286838085,0.0,1573000000,0.051132854403,617000000,956000000,0.0310762929493,0.78,0.77,1232000000,1241000000,https://www.sec.gov/Archives/edgar/data/64803/000006480313000005/0000064803-13-000005-index.htm,https://www.sec.gov/Archives/edgar/data/64803/000006480313000005/cvs20130331-10q.htm
2012-12-31,CVS,2013-02-15,2013-02-15 17:28:33,FY,31394000000,25097000000,6297000000,0.20057972861056253,0.0,0.0,0.0,3994000000,3994000000,29091000000,162000000,456000000,2759000000,0.0878830349748,2303000000,0.0733579664904,0.0,1795000000,0.0571765305472,666000000,1129000000,0.0359622857871,0.9,0.9,1271000000,1280000000,https://www.sec.gov/Archives/edgar/data/64803/000110465913011354/0001104659-13-011354-index.htm,https://www.sec.gov/Archives/edgar/data/64803/000110465913011354/a12-28799_110k.htm
2012-09-30,CVS,2012-11-06,2012-11-06 16:58:09,Q3,30227000000,24580000000,5647000000,0.1868197307043372,0.0,0.0,0.0,3833000000,3833000000,28413000000,135000000,443000000,2257000000,0.0746683428723,1814000000,0.060012571542,0.0,1680000000,0.0555794488371,669000000,1006000000,0.0332815032918,0.8,0.79,1281000000,1290000000,https://www.sec.gov/Archives/edgar/data/64803/000110465912074770/0001104659-12-074770-index.htm,https://www.sec.gov/Archives/edgar/data/64803/000110465912074770/a12-19979_110q.htm
2012-06-30,CVS,2012-08-07,2012-08-07 16:44:16,Q2,30714000000,25265000000,5449000000,0.17741095266002474,0.0,0.0,0.0,3742000000,3742000000,29007000000,131000000,431000000,2138000000,0.06960994986,1707000000,0.0555772611838,0.0,1576000000,0.0513121052289,610000000,966000000,0.0314514553624,0.75,0.75,1289000000,1298000000,https://www.sec.gov/Archives/edgar/data/64803/000110465912055261/0001104659-12-055261-index.htm,https://www.sec.gov/Archives/edgar/data/64803/000110465912055261/a12-13824_110q.htm
2012-03-31,CVS,2012-05-02,2012-05-02 07:12:15,Q1,30798000000,25685000000,5113000000,0.16601727384895124,0.0,0.0,0.0,3709000000,3709000000,29394000000,133000000,423000000,1827000000,0.0593220338983,1404000000,0.0455873758036,0.0,1272000000,0.0413013832067,496000000,776000000,0.0251964413274,0.6,0.59,1299000000,1309000000,https://www.sec.gov/Archives/edgar/data/64803/000110465912031650/0001104659-12-031650-index.htm,https://www.sec.gov/Archives/edgar/data/64803/000110465912031650/a12-8646_110q.htm
2011-12-31,CVS,2012-02-17,2012-02-17 13:38:28,FY,28317000000,22762000000,5555000000,0.1961719108662641,0.0,0.0,0.0,3598000000,3598000000,26360000000,148000000,396000000,2353000000,0.0830949606244,1957000000,0.0691104283646,0.0,1810000000,0.0639192004803,711000000,1064000000,0.0375746018293,0.81,0.8,1338000000,1347000000,https://www.sec.gov/Archives/edgar/data/64803/000110465912010850/0001104659-12-010850-index.htm,https://www.sec.gov/Archives/edgar/data/64803/000110465912010850/a11-31657_310k.htm
2011-09-30,CVS,2011-11-03,2011-11-03 16:04:18,Q3,26274000000,21114000000,5160000000,0.19639187029002056,0.0,0.0,0.0,3588000000,3588000000,24702000000,156000000,407000000,1979000000,0.0753216107178,1572000000,0.0598310116465,0.0,1417000000,0.0539316434498,557000000,868000000,0.0330364619015,0.65,0.65,1350000000,1356000000,https://www.sec.gov/Archives/edgar/data/64803/000110465911060566/0001104659-11-060566-index.htm,https://www.sec.gov/Archives/edgar/data/64803/000110465911060566/a11-25650_110q.htm
2011-06-30,CVS,2011-08-04,2011-08-04 16:05:47,Q2,26629000000,21534000000,5095000000,0.19133275751999698,0.0,0.0,0.0,3605000000,3605000000,25139000000,149000000,391000000,1881000000,0.0706372751512,1490000000,0.0559540350745,0.0,1342000000,0.0503961846108,526000000,816000000,0.0306432836381,0.61,0.6,1359000000,1368000000,https://www.sec.gov/Archives/edgar/data/64803/000110465911043697/0001104659-11-043697-index.htm,https://www.sec.gov/Archives/edgar/data/64803/000110465911043697/a11-13834_110q.htm
2011-03-31,CVS,2011-05-05,2011-05-05 16:17:53,Q1,25880000000,21129000000,4751000000,0.18357805255023185,0.0,0.0,0.0,3440000000,3440000000,24569000000,135000000,374000000,1685000000,0.0651081916538,1311000000,0.050656877898,0.0,1177000000,0.0454791344668,464000000,713000000,0.0275502318393,0.52,0.52,1362000000,1371000000,https://www.sec.gov/Archives/edgar/data/64803/000110465911026342/0001104659-11-026342-index.htm,https://www.sec.gov/Archives/edgar/data/64803/000110465911026342/a11-8716_110q.htm
2010-12-31,CVS,2011-02-18,2011-02-18 16:16:30,FY,24772000000,19305000000,5467000000,0.22069271758436945,0.0,0.0,0.0,3696000000,3696000000,23001000000,137000000,373000000,2144000000,0.0865493298886,1771000000,0.0714920071048,0.0,1634000000,0.065961569514,608000000,1026000000,0.0414177296948,0.76,0.75,1367000000,1377000000,https://www.sec.gov/Archives/edgar/data/64803/000119312511040351/0001193125-11-040351-index.htm,https://www.sec.gov/Archives/edgar/data/64803/000119312511040351/d10k.htm
2010-09-30,CVS,2010-11-03,2010-11-03 17:01:44,Q3,23874000000,18850000000,5024000000,0.21043813353438887,0.0,0.0,0.0,3541000000,3541000000,22391000000,137000000,370000000,1853000000,0.0776158163693,1483000000,0.0621177850381,0.0,1347000000,0.0564212113596,528000000,809000000,0.0338862360727,0.59,0.59,1368000000,1378000000,https://www.sec.gov/Archives/edgar/data/64803/000119312510246290/0001193125-10-246290-index.htm,https://www.sec.gov/Archives/edgar/data/64803/000119312510246290/d10q.htm
2010-06-30,CVS,2010-07-29,2010-07-28 18:02:35,Q2,24007000000,18987000000,5020000000,0.20910567751072603,0.0,0.0,0.0,3519000000,3519000000,22506000000,265000000,368000000,1869000000,0.0778522930812,1501000000,0.0625234306661,0.0,1366000000,0.0569000708127,544000000,821000000,0.034198358812,0.6,0.6,1372000000,1381000000,https://www.sec.gov/Archives/edgar/data/64803/000119312510169312/0001193125-10-169312-index.htm,https://www.sec.gov/Archives/edgar/data/64803/000119312510169312/d10q.htm
2010-03-31,CVS,2010-05-04,2010-05-04 16:31:41,Q1,23760000000,19014000000,4746000000,0.19974747474747476,0.0,0.0,0.0,3336000000,3336000000,22350000000,0.0,358000000,1768000000,0.0744107744108,1410000000,0.0593434343434,0.0,1282000000,0.0539562289562,510000000,771000000,0.0324494949495,0.56,0.55,1386000000,1396000000,https://www.sec.gov/Archives/edgar/data/64803/000119312510106601/0001193125-10-106601-index.htm,https://www.sec.gov/Archives/edgar/data/64803/000119312510106601/d10q.htm
2009-12-31,CVS,2010-02-26,2010-02-26 17:00:54,FY,0.0,0.0,0.0,0.0,0.0,0.0,0.0,0.0,0.0,0.0,0.0,-1036000000,-1036000000,0.0,0.0,0.0,0.0,0.0,0.0,0.0,0.0,0.0,0.0,0.0,1445000000,1445000000,https://www.sec.gov/Archives/edgar/data/64803/000119312510043086/0001193125-10-043086-index.htm,https://www.sec.gov/Archives/edgar/data/64803/000119312510043086/d10k.htm
2009-09-30,CVS,2009-11-05,2009-11-05 14:11:40,Q3,24641000000,19631000000,5010000000,0.20331967046791932,0.0,0.0,0.0,3446000000,3446000000,23077000000,-122000000,300000000,1323000000,0.05369100280021103,1023000000,0.041516172233269755,0.0,1443000000,0.05856093502698754,420000000,1013000000,0.04111034454770504,1.84,1.84,1445000000,1445000000,https://www.sec.gov/Archives/edgar/data/64803/000119312509225277/0001193125-09-225277-index.htm,https://www.sec.gov/Archives/edgar/data/64803/000119312509225277/d10q.htm
2009-06-30,CVS,2009-08-04,2009-08-04 17:01:47,Q2,24872000000,19819000000,5053000000,0.2031601801222258,0.0,0.0,0.0,3453000000,3453000000,23272000000,-128000000,383000000,1272000000,0.05114184625281441,889000000,0.03574300418140881,0.0,1472000000,0.059183017047282085,583000000,889000000,0.03574300418140881,1.123,1.123,1453000000,1453000000,https://www.sec.gov/Archives/edgar/data/64803/000119312509163865/0001193125-09-163865-index.htm,https://www.sec.gov/Archives/edgar/data/64803/000119312509163865/d10q.htm
2009-03-31,CVS,2009-05-05,2009-05-05 17:27:38,Q1,23393000000,18645000000,4748000000,0.20296669944000342,0.0,0.0,0.0,3370000000,3370000000,22015000000,-142000000,353000000,1096000000,0.04685162228016928,743000000,0.031761638096866586,0.0,1235000000,0.05279357072628564,491000000,744000000,0.031804385927414185,0.51,0.51,1450000000,1450000000,https://www.sec.gov/Archives/edgar/data/64803/000119312509100137/0001193125-09-100137-index.htm,https://www.sec.gov/Archives/edgar/data/64803/000119312509100137/d10q.htm
2008-12-31,CVS,2009-02-27,2009-02-27 16:46:31,FY,0.0,0.0,0.0,0.0,0.0,0.0,0.0,0.0,0.0,0.0,0.0,-920000000,-920000000,0.0,0.0,0.0,0.0,0.0,0.0,0.0,0.0,0.0,0.0,0.0,1432000000,1432000000,https://www.sec.gov/Archives/edgar/data/64803/000119312509041089/0001193125-09-041089-index.htm,https://www.sec.gov/Archives/edgar/data/64803/000119312509041089/d10k.htm
2008-09-27,CVS,2008-10-31,2008-10-31 10:36:02,Q3,20863000000,16462000000,4401000000,0.21094761060250203,0.0,0.0,0.0,2934000000,2934000000,19396000000,-113000000,311000000,1129000000,0.05411494032497723,818000000,0.039208167569381204,0.0,1354000000,0.0648995829938168,535000000,819000000,0.03925609931457604,1.66,1.66,1432000000,1432000000,https://www.sec.gov/Archives/edgar/data/64803/000119312508221062/0001193125-08-221062-index.htm,https://www.sec.gov/Archives/edgar/data/64803/000119312508221062/d10q.htm
2008-06-28,CVS,2008-07-31,2008-07-31 16:22:28,Q2,21140000000,16767000000,4373000000,0.20685903500473038,0.0,0.0,0.0,2896000000,2896000000,19663000000,-115000000,310000000,643000000,0.030416272469252603,333000000,0.01575212866603595,0.0,1363000000,0.06447492904446547,540000000,823000000,0.03893093661305582,1.09,1.09,1430000000,1430000000,https://www.sec.gov/Archives/edgar/data/64803/000119312508162631/0001193125-08-162631-index.htm,https://www.sec.gov/Archives/edgar/data/64803/000119312508162631/d10q.htm
2008-03-29,CVS,2008-05-01,2008-05-01 15:42:56,Q1,21326000000,17033000000,4293000000,0.20130357310325425,0.0,0.0,0.0,2922000000,2922000000,19955000000,-130000000,299000000,1538000000,0.07211854074838225,1239000000,0.05809809622057582,0.0,1239000000,0.05809809622057582,490000000,749000000,0.035121447997749224,0.52,0.52,1429000000,1429000000,https://www.sec.gov/Archives/edgar/data/64803/000119312508099087/0001193125-08-099087-index.htm,https://www.sec.gov/Archives/edgar/data/64803/000119312508099087/d10q.htm
2007-12-29,CVS,2008-02-27,2008-02-27 15:33:36,FY,0.0,0.0,0.0,0.0,0.0,0.0,0.0,0.0,0.0,0.0,0.0,-818000000,-818000000,0.0,0.0,0.0,0.0,0.0,0.0,0.0,0.0,0.0,0.0,0.0,1290000000,1290000000,https://www.sec.gov/Archives/edgar/data/64803/000119312508040019/0001193125-08-040019-index.htm,https://www.sec.gov/Archives/edgar/data/64803/000119312508040019/d10k.htm
2007-09-29,CVS,2007-11-01,2007-11-01 16:45:37,Q3,20496000000,16300000000,4196000000,0.20472287275565965,0.0,0.0,0.0,2924000000,2924000000,19224000000,-128000000,302000000,1446000000,0.0705503512880562,1144000000,0.05581576893052303,0.0,1144000000,0.05581576893052303,454000000,690000000,0.033665105386416865,1.4,1.4,1290000000,1290000000,https://www.sec.gov/Archives/edgar/data/64803/000119312507232584/0001193125-07-232584-index.htm,https://www.sec.gov/Archives/edgar/data/64803/000119312507232584/d10q.htm
2007-06-30,CVS,2007-08-08,2007-08-08 16:30:45,Q2,20707000000,16595000000,4112000000,0.19858019027382046,0.0,-2403000000,0.0,5206000000,2803000000,19398000000,-106000000,308000000,1512000000,0.07301878591780557,1204000000,0.05814458878640073,0.0,1204000000,0.05814458878640073,481000000,723000000,0.034915728980537984,0.94,0.94,1199000000,1199000000,https://www.sec.gov/Archives/edgar/data/64803/000119312507175628/0001193125-07-175628-index.htm,https://www.sec.gov/Archives/edgar/data/64803/000119312507175628/d10q.htm
2007-03-31,CVS,2007-05-08,2007-05-08 15:18:32,Q1,13184000000,9835000000,3349000000,0.25402002427184467,0.0,2403000000,0.0,209000000,2612000000,12447000000,-63000000,208000000,880000000,0.06674757281553398,672000000,0.050970873786407765,0.0,672000000,0.050970873786407765,263000000,409000000,0.03102245145631068,0.45,0.45,906000000,906000000,https://www.sec.gov/Archives/edgar/data/64803/000119312507105923/0001193125-07-105923-index.htm,https://www.sec.gov/Archives/edgar/data/64803/000119312507105923/d10q.htm
2006-12-30,CVS,2007-02-27,2007-02-27 16:25:20,FY,0.0,0.0,0.0,0.0,0.0,0.0,0.0,0.0,0.0,0.0,0.0,202000000,202000000,0.0,0.0,0.0,0.0,0.0,0.0,0.0,0.0,0.0,0.0,0.0,819000000,819000000,https://www.sec.gov/Archives/edgar/data/64803/000110465907014431/0001104659-07-014431-index.htm,https://www.sec.gov/Archives/edgar/data/64803/000110465907014431/a07-4967_110k.htm
2006-09-30,CVS,2006-11-03,2006-11-03 15:54:10,Q3,11207000000,8126000000,3081000000,0.27491746230034797,0.0,2350000000,0.0,194000000,2544000000,10670000000,-75000000,193000000,654000000,0.058356384402605516,461000000,0.04113500490764701,0.0,461000000,0.04113500490764701,177000000,284000000,0.02534130454180423,1.15,1.15,819000000,819000000,https://www.sec.gov/Archives/edgar/data/64803/000119312506223656/0001193125-06-223656-index.htm,https://www.sec.gov/Archives/edgar/data/64803/000119312506223656/d10q.htm
2006-07-01,CVS,2006-08-08,2006-08-08 16:28:04,Q2,10561000000,7717000000,2844000000,0.2692926806173658,0.0,2066000000,0.0,183000000,2249000000,9966000000,-38000000,183000000,740000000,0.07006912224221191,557000000,0.052741217687718965,0.0,557000000,0.052741217687718965,219000000,338000000,0.03200454502414544,0.81,0.81,817000000,817000000,https://www.sec.gov/Archives/edgar/data/64803/000119312506165760/0001193125-06-165760-index.htm,https://www.sec.gov/Archives/edgar/data/64803/000119312506165760/d10q.htm
2006-04-01,CVS,2006-05-09,2006-05-09 16:16:24,Q1,9979000000,7330000000,2649000000,0.26545746066740156,0.0,1933000000,0.0,155000000,2088000000,9418000000,-21000000,155000000,694000000,0.06954604669806594,539000000,0.05401342819921836,0.0,539000000,0.05401342819921836,209000000,330000000,0.03306944583625614,0.4,0.4,816000000,816000000,https://www.sec.gov/Archives/edgar/data/64803/000119312506105433/0001193125-06-105433-index.htm,https://www.sec.gov/Archives/edgar/data/64803/000119312506105433/d10q.htm
2005-12-31,CVS,2006-03-14,2006-03-14 16:38:07,FY,0.0,0.0,0.0,0.0,0.0,0.0,0.0,0.0,0.0,0.0,0.0,156000000,156000000,0.0,0.0,0.0,0.0,0.0,0.0,0.0,0.0,0.0,0.0,0.0,810000000,810000000,https://www.sec.gov/Archives/edgar/data/64803/000119312506053756/0001193125-06-053756-index.htm,https://www.sec.gov/Archives/edgar/data/64803/000119312506053756/d10k.htm
2005-10-01,CVS,2005-11-03,2005-11-03 16:37:26,Q3,8971000000,6570000000,2401000000,0.26764017389365735,0.0,1814000000,0.0,148000000,1962000000,8532000000,-27000000,148000000,559000000,0.062311893880280904,411000000,0.045814290491583996,0.0,411000000,0.045814290491583996,159000000,252000000,0.0280905138780515,1.0,1.0,810000000,810000000,https://www.sec.gov/Archives/edgar/data/64803/000119312505215706/0001193125-05-215706-index.htm,https://www.sec.gov/Archives/edgar/data/64803/000119312505215706/d10q.htm
2005-07-02,CVS,2005-08-09,2005-08-09 14:42:47,Q2,9121000000,6704000000,2417000000,0.26499287358842233,0.0,1792000000,0.0,147000000,1939000000,8643000000,-28000000,148000000,598000000,0.06556298651463656,450000000,0.04933669553776998,0.0,450000000,0.04933669553776998,173000000,277000000,0.0303694770310273,0.69,0.69,808000000,808000000,https://www.sec.gov/Archives/edgar/data/64803/000119312505162397/0001193125-05-162397-index.htm,https://www.sec.gov/Archives/edgar/data/64803/000119312505162397/d10q.htm
2005-04-02,CVS,2005-05-09,2005-05-09 16:09:09,Q1,9182000000,6801000000,2381000000,0.2593116967980832,0.0,1743000000,0.0,138000000,1881000000,8682000000,-28000000,137000000,608000000,0.06621651056414725,471000000,0.05129601394031801,0.0,471000000,0.05129601394031801,182000000,289000000,0.031474624264866045,0.71,0.71,403000000,403000000,https://www.sec.gov/Archives/edgar/data/64803/000110465905021671/0001104659-05-021671-index.htm,https://www.sec.gov/Archives/edgar/data/64803/000110465905021671/a05-8874_110q.htm
2005-01-01,CVS,2005-03-16,2005-03-16 17:07:02,FY,0.0,0.0,0.0,0.0,0.0,0.0,0.0,0.0,0.0,0.0,0.0,188000000,188000000,0.0,0.0,0.0,0.0,0.0,0.0,0.0,0.0,0.0,0.0,0.0,398000000,398000000,https://www.sec.gov/Archives/edgar/data/64803/000119312505052880/0001193125-05-052880-index.htm,https://www.sec.gov/Archives/edgar/data/64803/000119312505052880/d10k.htm
2004-10-02,CVS,2004-11-10,2004-11-10 16:32:26,Q3,14728000000,10886000000,3842000000,0.2608636610537751,0.0,2909000000,0.0,212000000,3121000000,14007000000,-23000000,119000000,817000000,0.05547256925583922,698000000,0.04739272134709397,0.0,698000000,0.04739272134709397,269000000,429000000,0.029128191200434545,1.64,1.64,398000000,398000000,https://www.sec.gov/Archives/edgar/data/64803/000119312504192863/0001193125-04-192863-index.htm,https://www.sec.gov/Archives/edgar/data/64803/000119312504192863/d10q.htm
2004-07-03,CVS,2004-08-12,2004-08-12 15:39:13,Q2,125000000,70000000,55000000,0.44,0.0,71000000,0.0,2000000.0,73000000,143000000,1000000.0,96000000,80000000,0.64,-16000000,-0.128,0.0,-16000000,-0.128,-7000000.0,-9000000.0,-0.072,0.58,0.58,398000000,398000000,https://www.sec.gov/Archives/edgar/data/64803/000104746904026341/0001047469-04-026341-index.htm,https://www.sec.gov/Archives/edgar/data/64803/000104746904026341/a2139489z10-q.htm
2004-04-03,CVS,2004-05-13,2004-05-13 16:04:04,Q1,6818000000,5046000000,1772000000,0.2599002640070402,0.0,1272000000,0.0,94000000,1366000000,6412000000,-7000000.0,93000000,490000000,0.07186858316221766,397000000,0.05822821941918451,0.0,397000000,0.05822821941918451,153000000,244000000,0.03578762100322675,0.61,0.61,396000000,396000000,https://www.sec.gov/Archives/edgar/data/64803/000119312504087423/0001193125-04-087423-index.htm,https://www.sec.gov/Archives/edgar/data/64803/000119312504087423/d10q.htm
2004-01-03,CVS,2004-03-12,2004-03-12 16:33:40,FY,0.0,0.0,0.0,0.0,0.0,0.0,0.0,0.0,0.0,0.0,0.0,88000000,88000000,0.0,0.0,0.0,0.0,0.0,0.0,0.0,0.0,0.0,0.0,0.0,394000000,394000000,https://www.sec.gov/Archives/edgar/data/64803/000119312504040575/0001193125-04-040575-index.htm,https://www.sec.gov/Archives/edgar/data/64803/000119312504040575/d10k.htm
2003-09-27,CVS,2003-11-10,2003-11-10 16:21:49,Q3,6378000000,4719000000,1659000000,0.26011288805268107,0.0,1256000000,0.0,85000000,1341000000,6060000000,-12000000,85000000,389000000,0.06099090624020069,304000000,0.04766384446534964,0.0,304000000,0.04766384446534964,118000000,186000000,0.02916274694261524,1.45,1.45,394000000,394000000,https://www.sec.gov/Archives/edgar/data/64803/000119312503076264/0001193125-03-076264-index.htm,https://www.sec.gov/Archives/edgar/data/64803/000119312503076264/d10q.htm
2003-06-28,CVS,2003-08-08,2003-08-08 17:10:27,Q2,6445000000,4811000000,1634000000,0.2535298681148177,0.0,1212000000,0.0,85000000,1297000000,6108000000,-13000000,86000000,411000000,0.06377036462373933,325000000,0.0504266873545384,0.0,325000000,0.0504266873545384,124000000,201000000,0.031186966640806828,0.99,0.99,393000000,393000000,https://www.sec.gov/Archives/edgar/data/64803/000119312503031999/0001193125-03-031999-index.htm,https://www.sec.gov/Archives/edgar/data/64803/000119312503031999/d10q.htm
2003-03-29,CVS,2003-05-12,2003-05-12 16:40:33,Q1,6312000000,4707000000,1605000000,0.25427756653992395,0.0,1191000000,0.0,83000000,1274000000,5981000000,-12000000,82000000,400000000,0.06337135614702155,318000000,0.05038022813688213,0.0,318000000,0.05038022813688213,122000000,196000000,0.031051964512040557,0.49,0.49,393000000,393000000,https://www.sec.gov/Archives/edgar/data/64803/000092701603002556/0000927016-03-002556-index.htm,https://www.sec.gov/Archives/edgar/data/64803/000092701603002556/d10q.htm
2002-12-28,CVS,2003-03-18,2003-03-18 17:30:36,FY,0.0,0.0,0.0,0.0,0.0,0.0,0.0,0.0,0.0,0.0,0.0,-10000000,-10000000,0.0,0.0,0.0,0.0,0.0,0.0,0.0,0.0,0.0,0.0,0.0,0.0,0.0,https://www.sec.gov/Archives/edgar/data/64803/000110465903004471/0001104659-03-004471-index.htm,https://www.sec.gov/Archives/edgar/data/64803/000110465903004471/j8483_10k.htm
2001-12-29,CVS,2002-03-21,2002-03-21 00:00:00,FY,0.0,0.0,0.0,0.0,0.0,0.0,0.0,0.0,0.0,0.0,0.0,162000000,162000000,0.0,0.0,0.0,0.0,0.0,0.0,0.0,0.0,0.0,0.0,0.0,393000000,393000000,https://www.sec.gov/Archives/edgar/data/64803/000110465902000809/0001104659-02-000809-index.htm,https://www.sec.gov/Archives/edgar/data/64803/000110465902000809/j2961_10k405.htm
