date,symbol,fillingDate,acceptedDate,period,revenue,costOfRevenue,grossProfit,grossProfitRatio,researchAndDevelopmentExpenses,generalAndAdministrativeExpenses,sellingAndMarketingExpenses,otherExpenses,operatingExpenses,costAndExpenses,interestExpense,depreciationAndAmortization,ebitda,ebitdaratio,operatingIncome,operatingIncomeRatio,totalOtherIncomeExpensesNet,incomeBeforeTax,incomeBeforeTaxRatio,incomeTaxExpense,netIncome,netIncomeRatio,eps,epsdiluted,weightedAverageShsOut,weightedAverageShsOutDil,link,finalLink
2020-03-31,CVX,2020-05-06,2020-05-06 13:56:34,Q1,31501000000,15509000000,15992000000,0.5076664232881496,158000000,683000000,0.0,98000000,939000000,27356000000,154000000,4288000000,8438000000,0.267864512238,4150000000,0.131741849465,831000000,4150000000,0.131741849465,564000000,3599000000,0.114250341259,1.93,1.93,1862273000,1865649000,https://www.sec.gov/Archives/edgar/data/93410/000009341020000020/0000093410-20-000020-index.htm,https://www.sec.gov/Archives/edgar/data/93410/000009341020000020/cvx03312020-10qdoc.htm
2019-12-31,CVX,2020-02-21,2020-02-21 11:40:21,FY,36350000000,19693000000,16657000000,0.45823933975240716,272000000,1129000000,0.0,98000000,1499000000,44755000000,170000000,16429000000,8025000000,0.220770288858,-8405000000,-0.2312242090784044,1238000000,-8405000000,-0.2312242090784044,-1738000000,-6667000000,-0.18341127922971115,-3.51,-3.48,1882000000,1895000000,https://www.sec.gov/Archives/edgar/data/93410/000009341020000010/0000093410-20-000010-index.htm,https://www.sec.gov/Archives/edgar/data/93410/000009341020000010/cvx12312019-10kdoc.htm
2019-09-30,CVX,2019-11-07,2019-11-07 11:28:38,Q3,36116000000,19882000000,16234000000,0.4494960682246096,168000000,954000000,0.0,121000000,1243000000,32067000000,187000000,4361000000,8411000000,0.232888470484,4050000000,0.112138664304,165000000,4050000000,0.112138664304,1470000000,2580000000,0.0714364824455,1.38,1.36,1885931000,1899193000,https://www.sec.gov/Archives/edgar/data/93410/000009341019000038/0000093410-19-000038-index.htm,https://www.sec.gov/Archives/edgar/data/93410/000009341019000038/cvx09302019-10qdoc.htm
2019-06-30,CVX,2019-08-07,2019-08-07 12:01:45,Q2,38850000000,20835000000,18015000000,0.4637065637065637,141000000,1076000000,0.0,97000000,1314000000,32915000000,190000000,4334000000,10267000000,0.264272844273,5933000000,0.152715572716,1331000000,5933000000,0.152715572716,1650000000,4305000000,0.110810810811,2.28,2.27,1888637000,1901869000,https://www.sec.gov/Archives/edgar/data/93410/000009341019000029/0000093410-19-000029-index.htm,https://www.sec.gov/Archives/edgar/data/93410/000009341019000029/cvx06302019-10qdoc.htm
2019-03-31,CVX,2019-05-02,2019-05-02 11:33:10,Q1,35200000000,19703000000,15497000000,0.4402556818181818,189000000,984000000,0.0,101000000,1274000000,31243000000,214000000,4094000000,8051000000,0.228721590909,3957000000,0.112414772727,-51000000,3957000000,0.112414772727,1310000000,2649000000,0.0752556818182,1.4,1.39,1888002000,1900748000,https://www.sec.gov/Archives/edgar/data/93410/000009341019000014/0000093410-19-000014-index.htm,https://www.sec.gov/Archives/edgar/data/93410/000009341019000014/cvx03312019-10qdoc.htm
2018-12-31,CVX,2019-02-22,2019-02-22 11:25:08,FY,42352000000,23920000000,18432000000,0.43520967132602945,250000000,1080000000,0.0,216000000,1546000000,37454000000,189000000,5252000000,10150000000,0.239658103513,4898000000,0.115649792218,783000000,4898000000,0.115649792218,1175000000,3730000000,0.0880714015867,1.97,1.95,1898000000,1914000000,https://www.sec.gov/Archives/edgar/data/93410/000009341019000008/0000093410-19-000008-index.htm,https://www.sec.gov/Archives/edgar/data/93410/000009341019000008/cvx12312018-10kdoc.htm
2018-09-30,CVX,2018-11-08,2018-11-08 11:41:58,Q3,43987000000,24681000000,19306000000,0.43890240298269945,625000000,1018000000,0.0,158000000,1801000000,38288000000,171000000,5380000000,11079000000,0.251869870644,5699000000,0.129561006661,75000000,5699000000,0.129561006661,1640000000,4047000000,0.092004455862,2.13,2.11,1899044000,1916562000,https://www.sec.gov/Archives/edgar/data/93410/000009341018000035/0000093410-18-000035-index.htm,https://www.sec.gov/Archives/edgar/data/93410/000009341018000035/cvx09302018-10qdoc.htm
2018-06-30,CVX,2018-08-02,2018-08-02 11:42:15,Q2,42236000000,41276000000,960000000,0.02272942513495596,177000000,1017000000,0.0,102000000,1296000000,37331000000,204000000,4498000000,9403000000,0.2226299839,4905000000,0.116133156549,93000000,4905000000,0.116133156549,1486000000,3409000000,0.0807131357136,1.79,1.78,1898194000,1916099000,https://www.sec.gov/Archives/edgar/data/93410/000009341018000029/0000093410-18-000029-index.htm,https://www.sec.gov/Archives/edgar/data/93410/000009341018000029/cvx06302018-10qdoc.htm
2018-03-31,CVX,2018-05-03,2018-05-03 11:45:56,Q1,37764000000,4701000000,33063000000,0.8755163647918652,158000000,723000000,0.0,84000000,965000000,32691000000,149000000,4289000000,9362000000,0.247908060587,5073000000,0.134334286622,159000000,5073000000,0.134334286622,1414000000,3638000000,0.09633513399,1.92,1.9,1895990000,1913218000,https://www.sec.gov/Archives/edgar/data/93410/000009341018000016/0000093410-18-000016-index.htm,https://www.sec.gov/Archives/edgar/data/93410/000009341018000016/cvx03312018-10qdoc.htm
2017-12-31,CVX,2018-02-22,2018-02-22 11:49:59,FY,37616000000,5182000000,32434000000,0.862239472564866,356000000,1349000000,0.0,3833000000,1705000000,36135000000,149000000,4735000000,6216000000,0.165248830285,1481000000,0.0393715440238,299000000,1481000000,0.0393715440238,-1637000000,3111000000,0.082704168439,1.65,1.64,1883000000,1898000000,https://www.sec.gov/Archives/edgar/data/93410/000009341018000010/0000093410-18-000010-index.htm,https://www.sec.gov/Archives/edgar/data/93410/000009341018000010/cvx12312017-10kdoc.htm
2017-09-30,CVX,2017-11-02,2017-11-02 12:02:04,Q3,36205000000,4937000000,31268000000,0.8636376191133821,239000000,1238000000,0.0,3699000000,1477000000,33547000000,30000000,5109000000,7767000000,0.214528380058,2658000000,0.0734152741334,1277000000,2658000000,0.0734152741334,672000000,1952000000,0.0539152050822,1.03,1.03,1881026000,1894764000,https://www.sec.gov/Archives/edgar/data/93410/000009341017000046/0000093410-17-000046-index.htm,https://www.sec.gov/Archives/edgar/data/93410/000009341017000046/cvx09302017-10qdoc.htm
2017-06-30,CVX,2017-08-03,2017-08-03 11:15:53,Q2,34480000000,4662000000,29818000000,0.8647911832946635,125000000,991000000,0.0,3671000000,1116000000,32527000000,42000000,5311000000,7264000000,0.210672853828,1953000000,0.0566415313225,287000000,1953000000,0.0566415313225,487000000,1450000000,0.0420533642691,0.77,0.77,1880200000,1894197000,https://www.sec.gov/Archives/edgar/data/93410/000009341017000033/0000093410-17-000033-index.htm,https://www.sec.gov/Archives/edgar/data/93410/000009341017000033/cvx06302017-10qdoc.htm
2017-03-31,CVX,2017-05-04,2017-05-04 11:42:11,Q1,33421000000,4656000000,28765000000,0.860686394781724,144000000,870000000,0.0,3786000000,1014000000,30292000000,43000000,4194000000,7323000000,0.219113730888,3129000000,0.0936237694863,747000000,3129000000,0.0936237694863,430000000,2682000000,0.0802489452739,1.43,1.41,1879372000,1895393000,https://www.sec.gov/Archives/edgar/data/93410/000009341017000019/0000093410-17-000019-index.htm,https://www.sec.gov/Archives/edgar/data/93410/000009341017000019/cvx03312017-10qdoc.htm
2016-12-31,CVX,2017-02-23,2017-02-23 12:18:42,FY,31497000000,5144000000,26353000000,0.8366828586849541,191000000,1544000000,0.0,3600000000,1735000000,30985000000,48000000,4203000000,4715000000,0.14969679652,512000000,0.0162555163984,577000000,512000000,0.0162555163984,74000000,415000000,0.0131758580182,0.22,0.22,1873000000,1873000000,https://www.sec.gov/Archives/edgar/data/93410/000009341017000013/0000093410-17-000013-index.htm,https://www.sec.gov/Archives/edgar/data/93410/000009341017000013/cvx-123116x10kdoc.htm
2016-09-30,CVX,2016-11-03,2016-11-03 11:52:48,Q3,30140000000,4666000000,25474000000,0.8451891174518912,258000000,1109000000,0.0,3557000000,1367000000,29031000000,120000000,4130000000,5239000000,0.173822163238,1109000000,0.0367949568679,426000000,1109000000,0.0367949568679,-192000000,1283000000,0.0425680159257,0.68,0.68,1871813000,1871813000,https://www.sec.gov/Archives/edgar/data/93410/000009341016000083/0000093410-16-000083-index.htm,https://www.sec.gov/Archives/edgar/data/93410/000009341016000083/cvx-09302016x10qdoc.htm
2016-06-30,CVX,2016-08-04,2016-08-04 11:25:03,Q2,29282000000,5054000000,24228000000,0.8274024998292466,214000000,1033000000,0.0,4021000000,1247000000,31352000000,0.0,6721000000,4651000000,0.158834779045,-2070000000,-0.07069189263028482,686000000,-2070000000,-0.07069189263028482,-607000000,-1463000000,-0.04996243425995492,-0.78,-0.78,1870885000,1870885000,https://www.sec.gov/Archives/edgar/data/93410/000009341016000070/0000093410-16-000070-index.htm,https://www.sec.gov/Archives/edgar/data/93410/000009341016000070/cvx-06302016x10qdoc.htm
2016-03-31,CVX,2016-05-05,2016-05-05 11:38:56,Q1,23553000000,5404000000,18149000000,0.7705600135863796,370000000,998000000,0.0,4406000000,1368000000,25264000000,0.0,4403000000,2692000000,0.114295418843,-1711000000,-0.07264467371460111,-93000000,-1711000000,-0.07264467371460111,-1004000000,-707000000,-0.030017407548932194,-0.39,-0.39,1869775000,1869775000,https://www.sec.gov/Archives/edgar/data/93410/000009341016000056/0000093410-16-000056-index.htm,https://www.sec.gov/Archives/edgar/data/93410/000009341016000056/cvx-03312016x10qdoc.htm
2015-12-31,CVX,2016-02-25,2016-02-25 12:08:14,FY,29247000000,5970000000,23277000000,0.7958765001538619,1358000000,1303000000,0.0,4667000000,2661000000,31457000000,0.0,5400000000,3190000000,0.109071015831,-2210000000,-0.07556330563818511,314000000,-2210000000,-0.07556330563818511,-1655000000,-555000000,-0.018976305262078164,-0.31,-0.31,1868000000,1875000000,https://www.sec.gov/Archives/edgar/data/93410/000009341016000049/0000093410-16-000049-index.htm,https://www.sec.gov/Archives/edgar/data/93410/000009341016000049/cvx-123115x10kdoc.htm
2015-09-30,CVX,2015-11-06,2015-11-06 12:28:57,Q3,34315000000,5592000000,28723000000,0.8370391956870173,315000000,1026000000,0.0,4566000000,1341000000,31531000000,0.0,4268000000,7052000000,0.205507795425,2784000000,0.0811307008597,353000000,2784000000,0.0811307008597,727000000,2037000000,0.0593617951333,1.09,1.09,1867560000,1875193000,https://www.sec.gov/Archives/edgar/data/93410/000009341015000038/0000093410-15-000038-index.htm,https://www.sec.gov/Archives/edgar/data/93410/000009341015000038/cvx-09302015x10qdoc.htm
2015-06-30,CVX,2015-08-05,2015-08-05 11:43:50,Q2,40357000000,6077000000,34280000000,0.8494189359962336,1075000000,1170000000,0.0,4907000000,2245000000,38994000000,0.0,6958000000,8321000000,0.206184800654,1363000000,0.0337735708799,2359000000,1363000000,0.0337735708799,755000000,571000000,0.0141487226503,0.3,0.3,1867110000,1876603000,https://www.sec.gov/Archives/edgar/data/93410/000009341015000031/0000093410-15-000031-index.htm,https://www.sec.gov/Archives/edgar/data/93410/000009341015000031/cvx-06302015x10qdoc.htm
2015-03-31,CVX,2015-05-07,2015-05-07 11:36:15,Q1,34558000000,5395000000,29163000000,0.8438856415301812,592000000,944000000,0.0,4451000000,1536000000,31653000000,0.0,4411000000,7316000000,0.211702066092,2905000000,0.0840615776376,842000000,2905000000,0.0840615776376,305000000,2567000000,0.0742809190347,1.38,1.37,1866655000,1876498000,https://www.sec.gov/Archives/edgar/data/93410/000009341015000020/0000093410-15-000020-index.htm,https://www.sec.gov/Archives/edgar/data/93410/000009341015000020/cvx-03312015x10qdoc.htm
2014-12-31,CVX,2015-02-20,2015-02-20 11:36:43,FY,46088000000,6572000000,39516000000,0.8574032286061448,510000000,1368000000,0.0,5204000000,1878000000,40704000000,0.0,4873000000,10257000000,0.222552508245,5384000000,0.116819996528,2422000000,5384000000,0.116819996528,1912000000,3471000000,0.0753124457559,1.86,1.85,1884000000,1898000000,https://www.sec.gov/Archives/edgar/data/93410/000009341015000010/0000093410-15-000010-index.htm,https://www.sec.gov/Archives/edgar/data/93410/000009341015000010/cvx-123114x10kdoc.htm
2014-09-30,CVX,2014-11-07,2014-11-07 11:27:20,Q3,54679000000,6403000000,48276000000,0.8828983704895846,366000000,1122000000,0.0,3277000000,1488000000,45816000000,0.0,3948000000,12811000000,0.234294701805,8863000000,0.162091479361,945000000,8863000000,0.162091479361,3236000000,5593000000,0.102287898462,2.97,2.95,1887778000,1902698000,https://www.sec.gov/Archives/edgar/data/93410/000009341014000049/0000093410-14-000049-index.htm,https://www.sec.gov/Archives/edgar/data/93410/000009341014000049/cvx-09302014x10qdoc.htm
2014-06-30,CVX,2014-08-06,2014-08-06 11:15:14,Q2,57938000000,6287000000,51651000000,0.8914874521039732,694000000,1077000000,0.0,7214000000,1771000000,48911000000,0.0,3842000000,12869000000,0.222116745487,9027000000,0.155804480652,646000000,9027000000,0.155804480652,3337000000,5665000000,0.0977769339639,3.0,2.98,1891266000,1905853000,https://www.sec.gov/Archives/edgar/data/93410/000009341014000042/0000093410-14-000042-index.htm,https://www.sec.gov/Archives/edgar/data/93410/000009341014000042/cvx-06302014x10qdoc.htm
2014-03-31,CVX,2014-05-02,2014-05-02 12:05:13,Q1,53265000000,6023000000,47242000000,0.8869238712099878,415000000,927000000,0.0,5096000000,1342000000,45337000000,0.0,4130000000,12058000000,0.226377546231,7928000000,0.14884070215,365000000,7928000000,0.14884070215,3407000000,4512000000,0.0847085328077,2.38,2.36,1895032000,1909424000,https://www.sec.gov/Archives/edgar/data/93410/000009341014000024/0000093410-14-000024-index.htm,https://www.sec.gov/Archives/edgar/data/93410/000009341014000024/cvx-03312014x10qdoc.htm
2013-12-31,CVX,2014-02-21,2014-02-21 11:21:41,FY,56158000000,6521000000,49637000000,0.8838811923501549,726000000,1176000000,0.0,5345000000,1902000000,47960000000,0.0,3635000000,11833000000,0.210709070836,8198000000,0.145980982229,384000000,8198000000,0.145980982229,3240000000,4930000000,0.0877880266391,2.6,2.57,1917000000,1932000000,https://www.sec.gov/Archives/edgar/data/93410/000009341014000011/0000093410-14-000011-index.htm,https://www.sec.gov/Archives/edgar/data/93410/000009341014000011/cvx-123113x10kdoc.htm
2013-09-30,CVX,2013-11-08,2013-11-08 11:17:00,Q3,58503000000,6066000000,52437000000,0.8963130095892519,559000000,1197000000,0.0,4869000000,1756000000,49668000000,0.0,3658000000,12493000000,0.21354460455,8835000000,0.151017896518,265000000,8835000000,0.151017896518,3839000000,4950000000,0.0846110455874,2.58,2.57,1921429000,1936797000,https://www.sec.gov/Archives/edgar/data/93410/000009341013000045/0000093410-13-000045-index.htm,https://www.sec.gov/Archives/edgar/data/93410/000009341013000045/cvx-09302013x10qdoc.htm
2013-06-30,CVX,2013-08-07,2013-08-07 11:33:32,Q2,57369000000,6278000000,51091000000,0.8905680768359219,329000000,1139000000,0.0,5139000000,1468000000,48780000000,0.0,3412000000,12001000000,0.209189632031,8589000000,0.149715002876,278000000,8589000000,0.149715002876,3185000000,5365000000,0.0935174048702,2.8,2.77,1925181000,1940337000,https://www.sec.gov/Archives/edgar/data/93410/000009341013000028/0000093410-13-000028-index.htm,https://www.sec.gov/Archives/edgar/data/93410/000009341013000028/cvx-06302013x10qdoc.htm
2013-03-31,CVX,2013-05-02,2013-05-02 11:44:28,Q1,56818000000,5762000000,51056000000,0.8985884754831216,247000000,998000000,0.0,4764000000,1245000000,46535000000,0.0,3481000000,13764000000,0.242247175191,10283000000,0.18098137914,238000000,10283000000,0.18098137914,4044000000,6178000000,0.108733147946,3.2,3.18,1929014000,1943931000,https://www.sec.gov/Archives/edgar/data/93410/000009341013000010/0000093410-13-000010-index.htm,https://www.sec.gov/Archives/edgar/data/93410/000009341013000010/cvx-03312013x10qdoc.htm
2012-12-31,CVX,2013-02-22,2013-02-22 11:55:46,FY,60552000000,6273000000,54279000000,0.8964030915576694,357000000,1182000000,0.0,5091000000,1539000000,48576000000,0.0,3554000000,15530000000,0.256473774607,11976000000,0.197780420135,2483000000,11976000000,0.197780420135,4679000000,7245000000,0.119649227111,3.73,3.7,1950000000,1965000000,https://www.sec.gov/Archives/edgar/data/93410/000009341013000003/0000093410-13-000003-index.htm,https://www.sec.gov/Archives/edgar/data/93410/000009341013000003/cvx-123112x10kdoc.htm
2012-09-30,CVX,2012-11-06,2012-11-06 11:49:16,Q3,181357000000,16297000000,165060000000,0.9101385664738609,1371000000,3542000000,0.0,4342000000,4913000000,147001000000,0.0,9859000000,44215000000,0.243800900985,34356000000,0.189438510783,1110000000,34356000000,0.189438510783,15317000000,18934000000,0.104401815204,9.69,9.62,1954584000,1968939000,https://www.sec.gov/Archives/edgar/data/93410/000009341012000003/0000093410-12-000003-index.htm,https://www.sec.gov/Archives/edgar/data/93410/000009341012000003/cvx-9302012x10qdoc.htm
2012-06-30,CVX,2012-08-02,2012-08-02 11:26:15,Q2,62608000000,0.0,62608000000,1.0,0.0,1250000000,0.0,4170000000,5420000000,5420000000,0.0,3284000000,15639000000,0.2497923588039867,12355000000,0.19733899821109124,737000000,12355000000,0.19733899821109124,5123000000,7232000000,0.11551239458216202,0.0,0.0,1963862000,1978781000,https://www.sec.gov/Archives/edgar/data/93410/000119312512330913/0001193125-12-330913-index.htm,https://www.sec.gov/Archives/edgar/data/93410/000119312512330913/d357441d10q.htm
2012-03-31,CVX,2012-05-03,2012-05-03 10:58:21,Q1,60705000000,0.0,60705000000,1.0,0.0,940000000,0.0,4243000000,5183000000,5183000000,0.0,3205000000,15274000000,0.2516102462729594,12069000000,0.1988139362490734,100000000,12069000000,0.1988139362490734,5570000000,6499000000,0.10705872662877852,0.0,0.0,0.0,0.0,https://www.sec.gov/Archives/edgar/data/93410/000119312512207154/0001193125-12-207154-index.htm,https://www.sec.gov/Archives/edgar/data/93410/000119312512207154/d316080d10q.htm
2011-12-31,CVX,2012-02-23,2012-02-23 13:51:37,FY,59985000000,0.0,59985000000,1.0,0.0,1330000000,0.0,4618000000,5948000000,5948000000,0.0,3313000000,13278000000,0.22135533883470868,9965000000,0.1661248645494707,391000000,9965000000,0.1661248645494707,4813000000,5152000000,0.085888138701342,0.0,0.0,1991091000000,1991091000000,https://www.sec.gov/Archives/edgar/data/93410/000095012312002976/0000950123-12-002976-index.htm,https://www.sec.gov/Archives/edgar/data/93410/000095012312002976/f60351e10vk.htm
2011-09-30,CVX,2011-11-03,2011-11-03 11:17:58,Q3,64432000000,0.0,64432000000,1.0,0.0,1115000000,0.0,4263000000,5378000000,5378000000,0.0,3215000000,16555000000,0.25693754656071516,13340000000,0.20703998013409486,944000000,13340000000,0.20703998013409486,5483000000,7857000000,0.12194251303700025,0.0,0.0,1994369000,1994369000,https://www.sec.gov/Archives/edgar/data/93410/000119312511294378/0001193125-11-294378-index.htm,https://www.sec.gov/Archives/edgar/data/93410/000119312511294378/d241403d10q.htm
2011-06-30,CVX,2011-08-04,2011-08-04 11:13:43,Q2,68948000000,5063000000,63885000000,0.9265678482334513,-168000000,1200000000,0.0,4060000000,5260000000,5260000000,0.0,3257000000,16464000000,0.2387886523176887,13207000000,0.1915501537390497,395000000,13207000000,0.1915501537390497,5447000000,7760000000,0.11254858734118466,0.0,0.0,1994735000,1994735000,https://www.sec.gov/Archives/edgar/data/93410/000095012311072688/0000950123-11-072688-index.htm,https://www.sec.gov/Archives/edgar/data/93410/000095012311072688/f59221e10vq.htm
2011-03-31,CVX,2011-05-05,2011-05-05 11:48:58,Q1,242000000,5063000000,-4821000000,-19.921487603305785,168000000,1100000000,0.0,3963000000,1268000000,6331000000,0.0,3126000000,14248000000,0.23612469133756483,11122000000,0.1843191196698762,242000000,11122000000,0.1843191196698762,4883000000,6239000000,0.10339570109875541,0.0,0.0,0.0,0.0,https://www.sec.gov/Archives/edgar/data/93410/000095012311045356/0000950123-11-045356-index.htm,https://www.sec.gov/Archives/edgar/data/93410/000095012311045356/f58560e10vq.htm
2010-12-31,CVX,2011-02-24,2011-02-24 12:52:15,FY,665000000,5343000000,-4678000000,-7.034586466165414,335000000,1408000000,0.0,3935000000,1743000000,7086000000,0.0,3439000000,12205000000,0.22590556573565068,8766000000,0.16225220722971848,665000000,8766000000,0.16225220722971848,3446000000,5320000000,0.09846928387658023,0.0,0.0,1996376000,1996376000,https://www.sec.gov/Archives/edgar/data/93410/000095012311017688/0000950123-11-017688-index.htm,https://www.sec.gov/Archives/edgar/data/93410/000095012311017688/f56670e10vk.htm
2010-09-30,CVX,2010-11-05,2010-11-05 14:32:28,Q3,49718000000,4665000000,45053000000,0.9061708033307856,420000000,1181000000,0.0,3484000000,1601000000,6266000000,0.0,3401000000,10274000000,0.20664548051007683,6873000000,0.13823967174866245,-78000000,6873000000,0.13823967174866245,3081000000,3792000000,0.07627016372339998,0.0,0.0,1995692000,1995692000,https://www.sec.gov/Archives/edgar/data/93410/000095012310101589/0000950123-10-101589-index.htm,https://www.sec.gov/Archives/edgar/data/93410/000095012310101589/f56750e10vq.htm
2010-06-30,CVX,2010-08-05,2010-08-05 11:54:06,Q2,303000000,4591000000,-4288000000,-14.151815181518153,212000000,1136000000,0.0,3455000000,1348000000,5939000000,0.0,3141000000,11907000000,0.22464342313787639,8766000000,0.1653837446230473,303000000,8766000000,0.1653837446230473,3322000000,5444000000,0.10270922949211381,0.0,0.0,1994983000,1994983000,https://www.sec.gov/Archives/edgar/data/93410/000095012310073101/0000950123-10-073101-index.htm,https://www.sec.gov/Archives/edgar/data/93410/000095012310073101/f55996e10vq.htm
2010-03-31,CVX,2010-05-05,2010-05-05 11:11:50,Q1,203000000,4589000000,-4386000000,-21.60591133004926,180000000,1042000000,0.0,3547000000,1222000000,5811000000,0.0,3082000000,10732000000,0.22275265157018617,7650000000,0.15878287220573278,203000000,7650000000,0.15878287220573278,3070000000,4580000000,0.09506216401336683,0.0,0.0,0.0,0.0,https://www.sec.gov/Archives/edgar/data/93410/000095012310044204/0000950123-10-044204-index.htm,https://www.sec.gov/Archives/edgar/data/93410/000095012310044204/f55136e10vq.htm
2009-12-31,CVX,2010-02-25,2010-02-25 12:56:14,FY,48676000000,0.0,48676000000,1.0,0.0,1330000000,0.0,3569000000,4899000000,4899000000,0.0,3156000000,8977000000,0.18442353521242502,5821000000,0.11958665461418358,190000000,5821000000,0.11958665461418358,2719000000,3102000000,0.06372750431424111,0.0,0.0,1991733000,1991733000,https://www.sec.gov/Archives/edgar/data/93410/000095012310016846/0000950123-10-016846-index.htm,https://www.sec.gov/Archives/edgar/data/93410/000095012310016846/f54086e10vk.htm
2009-09-30,CVX,2009-11-05,2009-11-05 11:12:07,Q3,46625000000,0.0,46625000000,1.0,0.0,3197000000,0.0,1206000000,4403000000,4403000000,-14000000,2988000000,9176000000,0.19680428954423593,6188000000,0.13271849865951743,373000000,6188000000,0.13271849865951743,2342000000,3846000000,0.08248793565683646,3.745984024967202,3.745984024967202,1991733000,1991733000,https://www.sec.gov/Archives/edgar/data/93410/000095012309058120/0000950123-09-058120-index.htm,https://www.sec.gov/Archives/edgar/data/93410/000095012309058120/f53312e10vq.htm
2009-06-30,CVX,2009-08-06,2009-08-06 11:27:55,Q2,40205000000,0.0,40205000000,1.0,0.0,-977000000,0.0,5186000000,4209000000,4209000000,-6000000.0,3099000000,6445000000,0.1603034448451685,3346000000,0.08322347966670812,-177000000,3346000000,0.08322347966670812,1585000000,1761000000,0.04380052232309414,1.8153349857987073,1.8153349857987073,1991368000,1991368000,https://www.sec.gov/Archives/edgar/data/93410/000095012309030860/0000950123-09-030860-index.htm,https://www.sec.gov/Archives/edgar/data/93410/000095012309030860/f53053e10vq.htm
2009-03-31,CVX,2009-05-07,2009-05-07 11:18:40,Q1,36130000000,0.0,36130000000,1.0,0.0,977000000,0.0,3369000000,4346000000,4346000000,-8000000.0,2867000000,6040000000,0.1671740935510656,3173000000,0.08782175477442568,532000000,3173000000,0.08782175477442568,1319000000,1854000000,0.05131469692776086,0.9311304948752667,0.9311304948752667,1991128000,1991128000,https://www.sec.gov/Archives/edgar/data/93410/000089161809000166/0000891618-09-000166-index.htm,https://www.sec.gov/Archives/edgar/data/93410/000089161809000166/f52062e10vq.htm
2008-12-31,CVX,2009-02-26,2009-02-26 00:00:00,FY,45203000000,0.0,45203000000,1.0,0.0,1492000000,0.0,3924000000,5416000000,5416000000,0.0,2589000000,9829000000,0.21744132026635402,7240000000,0.16016636063978054,1172000000,7240000000,0.16016636063978054,2345000000,4895000000,0.10828927283587372,0.0,0.0,2049812000,2063149000,https://www.sec.gov/Archives/edgar/data/93410/000089161809000054/0000891618-09-000054-index.htm,https://www.sec.gov/Archives/edgar/data/93410/000089161809000054/f50714e10vk.htm
2008-09-30,CVX,2008-11-06,2008-11-06 08:33:49,Q3,78867000000,0.0,78867000000,1.0,0.0,1278000000,0.0,4398000000,5676000000,5676000000,0.0,2449000000,16758000000,0.21248430902658907,14309000000,0.1814320311410349,1002000000,14309000000,0.1814320311410349,6416000000,7893000000,0.10007988131918293,9.286705317365689,9.226672431317368,2049812000,2063149000,https://www.sec.gov/Archives/edgar/data/93410/000095013408019596/0000950134-08-019596-index.htm,https://www.sec.gov/Archives/edgar/data/93410/000095013408019596/f50197e10vq.htm
2008-06-30,CVX,2008-08-07,2008-08-07 08:31:34,Q2,82989000000,0.0,82989000000,1.0,0.0,1639000000,0.0,3609000000,5248000000,5248000000,0.0,2275000000,14006000000,0.1687693549747557,11731000000,0.14135608333634578,464000000,11731000000,0.14135608333634578,5756000000,5975000000,0.07199749364373592,5.412912489871738,5.376471195614676,2058596000,2072549000,https://www.sec.gov/Archives/edgar/data/93410/000095013408014499/0000950134-08-014499-index.htm,https://www.sec.gov/Archives/edgar/data/93410/000095013408014499/f42584e10vq.htm
2008-03-31,CVX,2008-05-08,2008-05-08 08:32:49,Q1,65946000000,0.0,65946000000,1.0,0.0,1347000000,0.0,3108000000,4455000000,4455000000,0.0,2215000000,11892000000,0.1803293603857702,9677000000,0.14674127316289085,43000000,9677000000,0.14674127316289085,4509000000,5168000000,0.07836714887938616,2.5009436610176055,2.484365753633409,2066420000,2080209000,https://www.sec.gov/Archives/edgar/data/93410/000095013408008862/0000950134-08-008862-index.htm,https://www.sec.gov/Archives/edgar/data/93410/000095013408008862/f40423e10vq.htm
2007-12-31,CVX,2008-02-28,2008-02-28 08:31:30,FY,61410000000,0.0,61410000000,1.0,0.0,1833000000,0.0,2965000000,4798000000,4798000000,-7000000.0,2094000000,10672000000,0.17378277153558053,8578000000,0.13968409053900016,357000000,8578000000,0.13968409053900016,3703000000,4875000000,0.07938446507083537,0.0,0.0,2127409000,2141096000,https://www.sec.gov/Archives/edgar/data/93410/000095013408003672/0000950134-08-003672-index.htm,https://www.sec.gov/Archives/edgar/data/93410/000095013408003672/f37829e10vk.htm
2007-09-30,CVX,2007-11-06,2007-11-06 08:30:09,Q3,55173000000,0.0,55173000000,1.0,0.0,1446000000,0.0,2951000000,4397000000,4397000000,-22000000,2496000000,9463000000,0.17151505265256556,6967000000,0.12627553332245844,468000000,6967000000,0.12627553332245844,3249000000,3718000000,0.06738803400213873,6.492874665849397,6.451368831663784,2127409000,2141096000,https://www.sec.gov/Archives/edgar/data/93410/000095013407022949/0000950134-07-022949-index.htm,https://www.sec.gov/Archives/edgar/data/93410/000095013407022949/f35025e10vq.htm
2007-06-30,CVX,2007-08-03,2007-08-03 08:30:16,Q2,56094000000,0.0,56094000000,1.0,0.0,1516000000,0.0,2608000000,4124000000,4124000000,-63000000,2155000000,11217000000,0.19996791100652475,9062000000,0.16155025492922595,856000000,9062000000,0.16155025492922595,3682000000,5380000000,0.0959104360537669,4.724816307847407,4.6960346766923164,2136591000,2149686000,https://www.sec.gov/Archives/edgar/data/93410/000095013407016714/0000950134-07-016714-index.htm,https://www.sec.gov/Archives/edgar/data/93410/000095013407016714/f32319e10vq.htm
2007-03-31,CVX,2007-05-04,2007-05-04 08:31:20,Q1,48227000000,0.0,48227000000,1.0,0.0,1131000000,0.0,2482000000,3613000000,3613000000,-74000000,1963000000,9523000000,0.19746200261264438,7560000000,0.1567586621602007,988000000,7560000000,0.1567586621602007,2845000000,4715000000,0.09776681112240032,2.1976044945789317,2.1850159346284013,2145518000,2157879000,https://www.sec.gov/Archives/edgar/data/93410/000095013407010195/0000950134-07-010195-index.htm,https://www.sec.gov/Archives/edgar/data/93410/000095013407010195/f29711e10vq.htm
2006-12-31,CVX,2007-02-28,2007-02-28 17:24:00,FY,47746000000,6725000000,41021000000,0.859150504754325,0.0,1203000000,0.0,2889000000,4092000000,-2633000000,-92000000,1988000000,-6219000000,-0.13025174883759896,-8207000000,-0.17188874460687806,429000000,6631000000,0.13888074393666486,2859000000,3772000000,0.07900138231474887,0.0,0.0,2196062000,2206385000,https://www.sec.gov/Archives/edgar/data/93410/000095014907000074/0000950149-07-000074-index.htm,https://www.sec.gov/Archives/edgar/data/93410/000095014907000074/f27542e10vk.htm
2006-09-30,CVX,2006-11-03,2006-11-03 08:30:42,Q3,54212000000,0.0,54212000000,1.0,0.0,1428000000,0.0,2222000000,3650000000,3650000000,-104000000,1923000000,11247000000,0.20746329226001622,9324000000,0.1719914410093706,155000000,9324000000,0.1719914410093706,4307000000,5017000000,0.0925440861801815,6.086349110362094,6.057872946018034,2196062000,2206385000,https://www.sec.gov/Archives/edgar/data/93410/000095013406020382/0000950134-06-020382-index.htm,https://www.sec.gov/Archives/edgar/data/93410/000095013406020382/f24501e10vq.htm
2006-06-30,CVX,2006-08-03,2006-08-03 08:31:30,Q2,53536000000,0.0,53536000000,1.0,0.0,1207000000,0.0,2628000000,3835000000,3835000000,-121000000,1807000000,10186000000,0.19026449491930664,8379000000,0.15651150627615062,270000000,8379000000,0.15651150627615062,4026000000,4353000000,0.08130977286312015,3.786380820387046,3.7695095483857566,2205008000,2214877000,https://www.sec.gov/Archives/edgar/data/93410/000095013406014650/0000950134-06-014650-index.htm,https://www.sec.gov/Archives/edgar/data/93410/000095013406014650/f21349e10vq.htm
2006-03-31,CVX,2006-05-04,2006-05-04 08:01:01,Q1,54624000000,6725000000,47899000000,0.8768856180433509,0.0,1255000000,0.0,1792000000,3047000000,9772000000,-134000000,1788000000,9430000000,0.17263473930872877,7642000000,0.13990187463386058,117000000,7642000000,0.13990187463386058,3646000000,3996000000,0.07315465729349736,1.804894353155855,1.796889438687893,2213980000,2223843000,https://www.sec.gov/Archives/edgar/data/93410/000095013406008713/0000950134-06-008713-index.htm,https://www.sec.gov/Archives/edgar/data/93410/000095013406008713/f18554e10vq.htm
2005-12-31,CVX,2006-03-01,2006-03-01 12:24:08,FY,53794000000,17925000000,35869000000,0.6667843997471837,0.0,1340000000,0.0,2479000000,3819000000,-14106000000,-135000000,1725000000,5869000000,0.10910138677175893,4144000000,0.07703461352567201,108000000,7159000000,0.1330817563297022,3015000000,4144000000,0.07703461352567201,0.0,0.0,2116912000,2127356000,https://www.sec.gov/Archives/edgar/data/93410/000095014906000076/0000950149-06-000076-index.htm,https://www.sec.gov/Archives/edgar/data/93410/000095014906000076/f16935e10vk.htm
2005-09-30,CVX,2005-11-03,2005-11-03 08:31:12,Q3,54456000000,17925000000,36531000000,0.6708351696782724,0.0,1337000000,0.0,1853000000,3190000000,21115000000,-136000000,1534000000,5128000000,0.09416776847363009,3594000000,0.06599823710885853,208000000,6675000000,0.12257602468047599,3081000000,3594000000,0.06599823710885853,4.702604548512173,4.679517673581667,2116912000,2127356000,https://www.sec.gov/Archives/edgar/data/93410/000095013405020352/0000950134-05-020352-index.htm,https://www.sec.gov/Archives/edgar/data/93410/000095013405020352/f13984e10vq.htm
2005-06-30,CVX,2005-08-03,2005-08-03 08:33:45,Q2,48343000000,5290000000,43053000000,0.8905736094160478,0.0,1152000000,0.0,1561000000,2713000000,-2577000000,-104000000,1320000000,5004000000,0.10351033241627537,3684000000,0.07620544856545933,235000000,6456000000,0.13354570465217303,2772000000,3684000000,0.07620544856545933,3.0520967631268707,3.0394802732426345,2084141000,2092792000,https://www.sec.gov/Archives/edgar/data/93410/000095014905000525/0000950149-05-000525-index.htm,https://www.sec.gov/Archives/edgar/data/93410/000095014905000525/f11081e10vq.htm
2005-03-31,CVX,2005-05-04,2005-05-04 15:09:27,Q1,41607000000,5290000000,36317000000,0.8728579325594251,0.0,999000000,0.0,1470000000,2469000000,7759000000,-107000000,1334000000,4011000000,0.09640204773235272,2677000000,0.06434013507342515,277000000,4907000000,0.11793688562020814,2230000000,2677000000,0.06434013507342515,1.2804881257088245,1.2748232176880887,2090609000,2099899000,https://www.sec.gov/Archives/edgar/data/93410/000095013405008933/0000950134-05-008933-index.htm,https://www.sec.gov/Archives/edgar/data/93410/000095013405008933/f07987e10vq.htm
2004-12-31,CVX,2005-03-03,2005-03-03 08:36:36,FY,42734000000,18650000000,24084000000,0.5635793513361727,0.0,1319000000,0.0,1563000000,2882000000,21532000000,-112000000,1285000000,4744000000,0.11101230870033228,3459000000,0.08094257499882997,287000000,5333000000,0.1247952450039781,1874000000,3440000000,0.08049796415032527,0.0,0.0,2120986000,2128009000,https://www.sec.gov/Archives/edgar/data/93410/000095013405004137/0000950134-05-004137-index.htm,https://www.sec.gov/Archives/edgar/data/93410/000095013405004137/f04196e10vk.htm
2004-09-30,CVX,2004-11-03,2004-11-03 08:31:03,Q3,40592000000,0.0,40592000000,1.0,0.0,3238000000,0.0,-694000000,2544000000,2544000000,-107000000,1197000000,4166000000,0.10263106030744974,2969000000,0.07314249113125738,484000000,4851000000,0.11950630666141111,1882000000,3201000000,0.0788579030350808,4.661982681639577,4.646596889392855,2120986000,2128009000,https://www.sec.gov/Archives/edgar/data/93410/000095013404016230/0000950134-04-016230-index.htm,https://www.sec.gov/Archives/edgar/data/93410/000095013404016230/f02658e10vq.htm
2004-06-30,CVX,2004-08-04,2004-08-04 06:05:28,Q2,38408000000,0.0,38408000000,1.0,0.0,-1021000000,0.0,3276000000,2255000000,2255000000,-94000000,1261000000,5339000000,0.13900749843782545,4078000000,0.10617579670901896,948000000,6129000000,0.1595761299729223,2051000000,4125000000,0.10739950010414497,6.294221684238467,6.276292003851937,1062403000,1065438000,https://www.sec.gov/Archives/edgar/data/93410/000095013404011227/0000950134-04-011227-index.htm,https://www.sec.gov/Archives/edgar/data/93410/000095013404011227/f00715e10vq.htm
2004-03-31,CVX,2004-05-07,2004-05-07 08:06:24,Q1,33566000000,0.0,33566000000,1.0,0.0,1021000000,0.0,1130000000,2151000000,2151000000,-93000000,1192000000,3720000000,0.11082643150807364,2528000000,0.07531430614312101,134000000,4238000000,0.1262587141750581,1710000000,2562000000,0.07632723589346363,0.0,0.0,0.0,0.0,https://www.sec.gov/Archives/edgar/data/93410/000095014904000945/0000950149-04-000945-index.htm,https://www.sec.gov/Archives/edgar/data/93410/000095014904000945/f98722e10vq.htm
2003-12-31,CVX,2004-03-09,2004-03-09 12:55:13,FY,30465000000,0.0,30465000000,1.0,0.0,1173000000,0.0,1339000000,2512000000,2512000000,-111000000,1322000000,3907000000,0.1282455276546857,2585000000,0.08485146889873625,71000000,2585000000,0.08485146889873625,850000000,1735000000,0.05695059904808797,0.0,0.0,0.0,0.0,https://www.sec.gov/Archives/edgar/data/93410/000095013404003128/0000950134-04-003128-index.htm,https://www.sec.gov/Archives/edgar/data/93410/000095013404003128/f96742e10vk.htm
2003-09-30,CVX,2003-11-12,2003-11-12 13:58:10,Q3,30970000000,0.0,30970000000,1.0,0.0,1197000000,0.0,1124000000,2321000000,2321000000,-115000000,1409000000,4758000000,0.15363254762673556,3349000000,0.10813690668388763,155000000,3349000000,0.10813690668388763,1374000000,1975000000,0.06377139166935744,0.0,0.0,1062137000,1063655000,https://www.sec.gov/Archives/edgar/data/93410/000095014903002647/0000950149-03-002647-index.htm,https://www.sec.gov/Archives/edgar/data/93410/000095014903002647/f94071e10vq.htm
2003-06-03,CVX,2003-08-12,2003-08-12 16:18:41,Q2,29361000000,0.0,29361000000,1.0,0.0,1061000000,0.0,721000000,1782000000,1782000000,-118000000,1411000000,4383000000,0.14927965668744253,2972000000,0.1012227103981472,61000000,2972000000,0.1012227103981472,1372000000,1600000000,0.05449405674193658,3.314073419907225,3.3093437251740463,1062137000,1063655000,https://www.sec.gov/Archives/edgar/data/93410/000095014903001899/0000950149-03-001899-index.htm,https://www.sec.gov/Archives/edgar/data/93410/000095014903001899/f92216e10vq.htm
2003-03-31,CVX,2003-05-09,2003-05-09 16:00:02,Q1,30965000000,0.0,30965000000,1.0,0.0,1009000000,0.0,929000000,1938000000,1938000000,-130000000,1242000000,5106000000,0.164895850153399,3864000000,0.12478604876473438,48000000,3864000000,0.12478604876473438,1748000000,1920000000,0.06200549006943323,1.805189921022941,1.805189921022941,1063600000,1063600000,https://www.sec.gov/Archives/edgar/data/93410/000095014903001091/0000950149-03-001091-index.htm,https://www.sec.gov/Archives/edgar/data/93410/000095014903001091/f89902e10vq.htm
2002-12-31,CVX,2003-03-17,2003-03-17 17:23:02,FY,27058000000,0.0,27058000000,1.0,0.0,1107000000,0.0,1172000000,2279000000,2279000000,-141000000,1271000000,2867000000,0.10595757262177545,1596000000,0.05898440387316136,4000000.0,1596000000,0.05898440387316136,692000000,904000000,0.03340971246950994,1.07,1.07,1057943925,1057943925,https://www.sec.gov/Archives/edgar/data/93410/000095014903000567/0000950149-03-000567-index.htm,https://www.sec.gov/Archives/edgar/data/93410/000095014903000567/f87939e10vk.htm
2002-09-30,CVX,2002-11-12,2002-11-08 21:42:02,Q3,25503000000,0.0,25503000000,1.0,0.0,3048000000,0.0,-930000000,2118000000,2118000000,-117000000,1514000000,1476000000,0.057875544053640746,-38000000,-0.0014900207818687998,15000000,-38000000,-0.0014900207818687998,866000000,-904000000,-0.035446810179194606,1.060721,1.060721,1060721000,1062660000,https://www.sec.gov/Archives/edgar/data/93410/000095014902002234/0000950149-02-002234-index.htm,https://www.sec.gov/Archives/edgar/data/93410/000095014902002234/f85714e10vq.htm
2002-06-30,CVX,2002-08-09,2002-08-09 16:58:08,Q2,25333000000,0.0,25333000000,1.0,0.0,-863000000,0.0,2562000000,1699000000,1699000000,-160000000,1241000000,2524000000,0.09963288990644614,1283000000,0.05064540322898985,29000000,1283000000,0.05064540322898985,876000000,407000000,0.01606600086843248,1.07,1.07,1060258000,1060258000,https://www.sec.gov/Archives/edgar/data/93410/000095014902001622/0000950149-02-001622-index.htm,https://www.sec.gov/Archives/edgar/data/93410/000095014902001622/f83457e10vq.htm
