date,symbol,fillingDate,acceptedDate,period,revenue,costOfRevenue,grossProfit,grossProfitRatio,researchAndDevelopmentExpenses,generalAndAdministrativeExpenses,sellingAndMarketingExpenses,otherExpenses,operatingExpenses,costAndExpenses,interestExpense,depreciationAndAmortization,ebitda,ebitdaratio,operatingIncome,operatingIncomeRatio,totalOtherIncomeExpensesNet,incomeBeforeTax,incomeBeforeTaxRatio,incomeTaxExpense,netIncome,netIncomeRatio,eps,epsdiluted,weightedAverageShsOut,weightedAverageShsOutDil,link,finalLink
2020-03-31,EMR,2020-04-24,2020-04-24 13:53:28,Q2,4162000000,2412000000,1750000000,0.4204709274387314,0.0,983000000,0.0,0.0,983000000,3395000000,0.0,211000000,900000000,0.216242191254,689000000,0.16554541086,0.0,689000000,0.16554541086,165000000,517000000,0.12421912542,0.85,0.84,608700000,612600000,https://www.sec.gov/Archives/edgar/data/32604/000003260420000021/0000032604-20-000021-index.htm,https://www.sec.gov/Archives/edgar/data/32604/000003260420000021/emr-20200331.htm
2019-12-31,EMR,2020-02-05,2020-02-05 14:35:41,Q1,4151000000,2392000000,1759000000,0.42375331245483017,0.0,1123000000,0.0,0.0,1123000000,3515000000,0.0,211000000,634000000,0.152734280896,423000000,0.101903155866,0.0,423000000,0.101903155866,94000000,326000000,0.0785352927006,0.53,0.53,610000000,614100000,https://www.sec.gov/Archives/edgar/data/32604/000003260420000007/0000032604-20-000007-index.htm,https://www.sec.gov/Archives/edgar/data/32604/000003260420000007/emr-12312019x10q.htm
2019-09-30,EMR,2019-11-18,2019-11-18 16:01:51,FY,4971000000,2843000000,2128000000,0.428082880708107,454000000,1109000000,0.0,0.0,1563000000,4406000000,0.0,213000000,1039000000,0.209012271173,826000000,0.166163749749,0.0,826000000,0.166163749749,102000000,717000000,0.144236572118,1.17,1.16,616200000,620600000,https://www.sec.gov/Archives/edgar/data/32604/000003260419000048/0000032604-19-000048-index.htm,https://www.sec.gov/Archives/edgar/data/32604/000003260419000048/emr-09302019x10xk.htm
2019-06-30,EMR,2019-08-07,2019-08-07 11:10:44,Q3,4684000000,2683000000,2001000000,0.427198975234842,0.0,1126000000,0.0,0.0,1126000000,3809000000,0.0,203000000,970000000,0.207087959009,767000000,0.163748932536,0.0,767000000,0.163748932536,155000000,604000000,0.128949615713,0.98,0.97,617400000,621600000,https://www.sec.gov/Archives/edgar/data/32604/000003260419000027/0000032604-19-000027-index.htm,https://www.sec.gov/Archives/edgar/data/32604/000003260419000027/emr-6302019x10q.htm
2019-03-31,EMR,2019-05-09,2019-05-09 16:17:10,Q2,4570000000,2645000000,1925000000,0.4212253829321663,0.0,1145000000,0.0,0.0,1145000000,3790000000,0.0,204000000,879000000,0.192341356674,675000000,0.147702407002,0.0,675000000,0.147702407002,150000000,520000000,0.113785557987,0.85,0.84,619000000,622900000,https://www.sec.gov/Archives/edgar/data/32604/000003260419000018/0000032604-19-000018-index.htm,https://www.sec.gov/Archives/edgar/data/32604/000003260419000018/emr-3312019x10q.htm
2018-12-31,EMR,2019-02-06,2019-02-06 14:25:19,Q1,4147000000,2386000000,1761000000,0.42464432119604534,0.0,1077000000,0.0,0.0,1077000000,3463000000,0.0,202000000,793000000,0.191222570533,591000000,0.142512659754,0.0,591000000,0.142512659754,124000000,465000000,0.11212925006,0.74,0.74,623900000,627800000,https://www.sec.gov/Archives/edgar/data/32604/000003260419000007/0000032604-19-000007-index.htm,https://www.sec.gov/Archives/edgar/data/32604/000003260419000007/emr-12312018x10q.htm
2018-09-30,EMR,2018-11-19,2018-11-19 14:49:23,FY,4888000000,2823000000,2065000000,0.4224631751227496,436000000,1180000000,0.0,0.0,1616000000,4439000000,0.0,201000000,939000000,0.192103109656,738000000,0.150981996727,0.0,738000000,0.150981996727,116000000,617000000,0.126227495908,0.98,0.97,632000000,635300000,https://www.sec.gov/Archives/edgar/data/32604/000003260418000044/0000032604-18-000044-index.htm,https://www.sec.gov/Archives/edgar/data/32604/000003260418000044/emr-09302018x10xk.htm
2018-06-30,EMR,2018-08-08,2018-08-08 16:12:05,Q3,4456000000,2507000000,1949000000,0.4373877917414722,0.0,1054000000,0.0,0.0,1054000000,3561000000,0.0,179000000,947000000,0.212522441652,768000000,0.172351885099,0.0,768000000,0.172351885099,49000000,712000000,0.159784560144,1.13,1.12,633400000,636500000,https://www.sec.gov/Archives/edgar/data/32604/000003260418000038/0000032604-18-000038-index.htm,https://www.sec.gov/Archives/edgar/data/32604/000003260418000038/emr-6302018x10q.htm
2018-03-31,EMR,2018-05-02,2018-05-02 16:47:08,Q2,4248000000,2423000000,1825000000,0.4296139359698682,0.0,1032000000,0.0,0.0,1032000000,3455000000,0.0,191000000,849000000,0.199858757062,658000000,0.154896421846,0.0,658000000,0.154896421846,169000000,482000000,0.113465160075,0.76,0.76,635400000,638300000,https://www.sec.gov/Archives/edgar/data/32604/000003260418000029/0000032604-18-000029-index.htm,https://www.sec.gov/Archives/edgar/data/32604/000003260418000029/emr-3312018x10q.htm
2017-12-31,EMR,2018-02-07,2018-02-07 13:31:14,Q1,3816000000,2195000000,1621000000,0.42479035639413,0.0,992000000,0.0,0.0,992000000,3187000000,0.0,187000000,690000000,0.180817610063,503000000,0.131813417191,0.0,503000000,0.131813417191,109000000,392000000,0.102725366876,0.61,0.61,638200000,640500000,https://www.sec.gov/Archives/edgar/data/32604/000003260418000011/0000032604-18-000011-index.htm,https://www.sec.gov/Archives/edgar/data/32604/000003260418000011/emr-12312017x10q.htm
2017-09-30,EMR,2017-11-20,2017-11-20 13:57:46,FY,4435000000,2631000000,1804000000,0.40676437429537765,340000000,997000000,0.0,0.0,1337000000,3968000000,0.0,182000000,867000000,0.195490417136,685000000,0.154453213078,0.0,685000000,0.154453213078,183000000,504000000,0.113641488162,0.78,0.78,642100000,643400000,https://www.sec.gov/Archives/edgar/data/32604/000003260417000046/0000032604-17-000046-index.htm,https://www.sec.gov/Archives/edgar/data/32604/000003260417000046/emr-09302017x10xk.htm
2017-06-30,EMR,2017-08-02,2017-08-02 13:13:08,Q3,4039000000,2361000000,1678000000,0.41544936865560783,0.0,931000000,0.0,0.0,931000000,3292000000,0.0,171000000,792000000,0.196088140629,621000000,0.153750928448,0.0,621000000,0.153750928448,202000000,413000000,0.102253032929,0.64,0.64,643100000,644300000,https://www.sec.gov/Archives/edgar/data/32604/000003260417000036/0000032604-17-000036-index.htm,https://www.sec.gov/Archives/edgar/data/32604/000003260417000036/emr-6302017x10q.htm
2017-03-31,EMR,2017-05-04,2017-05-04 12:58:43,Q2,3574000000,2017000000,1557000000,0.4356463346390599,0.0,868000000,0.0,0.0,868000000,2885000000,0.0,140000000,705000000,0.197257974259,565000000,0.158086177952,0.0,565000000,0.158086177952,181000000,292000000,0.0817011751539,0.45,0.45,643200000,644500000,https://www.sec.gov/Archives/edgar/data/32604/000003260417000022/0000032604-17-000022-index.htm,https://www.sec.gov/Archives/edgar/data/32604/000003260417000022/emr-3312017x10q.htm
2016-12-31,EMR,2017-02-08,2017-02-08 15:05:31,Q1,3216000000,1851000000,1365000000,0.4244402985074627,0.0,822000000,0.0,0.0,822000000,2673000000,0.0,143000000,607000000,0.188743781095,464000000,0.144278606965,0.0,464000000,0.144278606965,94000000,309000000,0.0960820895522,0.48,0.48,642800000,644300000,https://www.sec.gov/Archives/edgar/data/32604/000003260417000007/0000032604-17-000007-index.htm,https://www.sec.gov/Archives/edgar/data/32604/000003260417000007/emr-12312016x10q.htm
2016-09-30,EMR,2016-11-16,2016-11-16 17:15:14,FY,14522000000,8260000000,6262000000,0.431207822613965,320000000,3464000000,0.0,0.0,137000000,11724000000,0.0,-21000000,440000000,0.11003993940228618,461000000,0.11148602120919983,0.0,461000000,0.15948216499104806,61000000,438000000,0.15948216499104806,0.68,0.68,644000000,646800000,https://www.sec.gov/Archives/edgar/data/32604/000003260416000105/0000032604-16-000105-index.htm,https://www.sec.gov/Archives/edgar/data/32604/000003260416000105/emr930201610-k.htm
2016-06-30,EMR,2016-08-03,2016-08-03 16:10:48,Q3,5126000000,3032000000,2094000000,0.40850565743269607,0.0,1203000000,0.0,0.0,1203000000,4235000000,0.0,192000000,936000000,0.182598517362,744000000,0.145142411237,0.0,744000000,0.145142411237,254000000,479000000,0.093445181428,0.74,0.74,644700000,647400000,https://www.sec.gov/Archives/edgar/data/32604/000003260416000097/0000032604-16-000097-index.htm,https://www.sec.gov/Archives/edgar/data/32604/000003260416000097/emr-6302016x10q.htm
2016-03-31,EMR,2016-05-05,2016-05-05 10:53:05,Q2,4928000000,2934000000,1994000000,0.40462662337662336,0.0,1218000000,0.0,0.0,1218000000,4152000000,0.0,195000000,803000000,0.162946428571,608000000,0.123376623377,0.0,608000000,0.123376623377,231000000,369000000,0.0748782467532,0.57,0.57,646000000,648600000,https://www.sec.gov/Archives/edgar/data/32604/000003260416000085/0000032604-16-000085-index.htm,https://www.sec.gov/Archives/edgar/data/32604/000003260416000085/emr-3312016x10q.htm
2015-12-31,EMR,2016-02-03,2016-02-03 13:56:54,Q1,4713000000,2824000000,1889000000,0.40080628050074263,0.0,1226000000,0.0,0.0,1226000000,4050000000,0.0,202000000,705000000,0.149586250796,503000000,0.106726076809,0.0,503000000,0.106726076809,151000000,349000000,0.0740504986208,0.54,0.53,650000000,652500000,https://www.sec.gov/Archives/edgar/data/32604/000003260416000062/0000032604-16-000062-index.htm,https://www.sec.gov/Archives/edgar/data/32604/000003260416000062/emr-12312015x10q.htm
2015-09-30,EMR,2015-11-18,2015-11-18 17:24:04,FY,5814000000,3446000000,2368000000,0.4072927416580667,506000000,1185000000,0.0,0.0,1691000000,5137000000,0.0,202000000,1198000000,0.206054351565,996000000,0.171310629515,0.0,996000000,0.171310629515,345000000,648000000,0.111455108359,0.99,0.98,673300000,676500000,https://www.sec.gov/Archives/edgar/data/32604/000003260415000051/0000032604-15-000051-index.htm,https://www.sec.gov/Archives/edgar/data/32604/000003260415000051/emr930201510-k.htm
2015-06-30,EMR,2015-08-05,2015-08-05 13:32:06,Q3,5503000000,3269000000,2234000000,0.40596038524441214,0.0,1276000000,0.0,0.0,1276000000,4545000000,0.0,201000000,997000000,0.181173905143,796000000,0.144648373614,0.0,796000000,0.144648373614,222000000,564000000,0.102489551154,0.84,0.84,679300000,682600000,https://www.sec.gov/Archives/edgar/data/32604/000003260415000036/0000032604-15-000036-index.htm,https://www.sec.gov/Archives/edgar/data/32604/000003260415000036/emr-6302015x10q.htm
2015-03-31,EMR,2015-05-06,2015-05-06 14:51:50,Q2,5400000000,3234000000,2166000000,0.4011111111111111,0.0,1318000000,0.0,0.0,1318000000,4552000000,0.0,205000000,1809000000,0.335,1604000000,0.297037037037,0.0,1604000000,0.297037037037,625000000,973000000,0.180185185185,1.42,1.42,686100000,689400000,https://www.sec.gov/Archives/edgar/data/32604/000003260415000024/0000032604-15-000024-index.htm,https://www.sec.gov/Archives/edgar/data/32604/000003260415000024/emr-3312015x10q.htm
2014-12-31,EMR,2015-02-04,2015-02-04 12:02:08,Q1,5587000000,3307000000,2280000000,0.40809020941471275,0.0,1405000000,0.0,0.0,1405000000,4712000000,0.0,207000000,972000000,0.173975299803,765000000,0.136925004475,0.0,765000000,0.136925004475,236000000,525000000,0.0939681403258,0.76,0.75,691400000,694700000,https://www.sec.gov/Archives/edgar/data/32604/000003260415000011/0000032604-15-000011-index.htm,https://www.sec.gov/Archives/edgar/data/32604/000003260415000011/emr-12312014x10q.htm
2014-09-30,EMR,2014-11-19,2014-11-19 14:26:00,FY,6807000000,3918000000,2889000000,0.4244160423093874,541000000,1453000000,0.0,0.0,1994000000,5912000000,0.0,208000000,1024000000,0.150433377406,816000000,0.11987659762,0.0,816000000,0.11987659762,401000000,410000000,0.0602321140003,0.59,0.58,700200000,704100000,https://www.sec.gov/Archives/edgar/data/32604/000003260414000048/0000032604-14-000048-index.htm,https://www.sec.gov/Archives/edgar/data/32604/000003260414000048/emr930201410-k.htm
2014-06-30,EMR,2014-08-06,2014-08-06 15:56:53,Q3,6312000000,3674000000,2638000000,0.4179340937896071,0.0,1424000000,0.0,0.0,1424000000,5098000000,0.0,204000000,1276000000,0.202154626109,1072000000,0.169835234474,0.0,1072000000,0.169835234474,334000000,728000000,0.115335868188,1.03,1.03,701600000,705600000,https://www.sec.gov/Archives/edgar/data/32604/000003260414000034/0000032604-14-000034-index.htm,https://www.sec.gov/Archives/edgar/data/32604/000003260414000034/emr-6302014x10q.htm
2014-03-31,EMR,2014-05-07,2014-05-07 17:13:24,Q2,5812000000,3417000000,2395000000,0.4120784583620096,0.0,1394000000,0.0,0.0,1394000000,4811000000,0.0,210000000,1027000000,0.176703372333,817000000,0.140571231934,0.0,817000000,0.140571231934,263000000,547000000,0.0941156228493,0.78,0.77,702600000,706700000,https://www.sec.gov/Archives/edgar/data/32604/000003260414000024/0000032604-14-000024-index.htm,https://www.sec.gov/Archives/edgar/data/32604/000003260414000024/emr-3312014x10q.htm
2013-12-31,EMR,2014-02-05,2014-02-05 12:55:54,Q1,5606000000,3370000000,2236000000,0.3988583660363896,0.0,1444000000,0.0,0.0,1444000000,4814000000,0.0,209000000,852000000,0.151980021406,643000000,0.114698537281,0.0,643000000,0.114698537281,166000000,462000000,0.0824117017481,0.65,0.65,703500000,708100000,https://www.sec.gov/Archives/edgar/data/32604/000003260414000010/0000032604-14-000010-index.htm,https://www.sec.gov/Archives/edgar/data/32604/000003260414000010/emr-12312013x10q.htm
2013-09-30,EMR,2013-11-19,2013-11-19 12:06:10,FY,6812000000,4008000000,2804000000,0.41162654139753374,576000000,1432000000,0.0,0.0,2008000000,6016000000,0.0,207000000,1388000000,0.203758073987,1181000000,0.173370522607,-362000000,1181000000,0.173370522607,373000000,795000000,0.116705813271,1.11,1.1,717700000,722900000,https://www.sec.gov/Archives/edgar/data/32604/000003260413000044/0000032604-13-000044-index.htm,https://www.sec.gov/Archives/edgar/data/32604/000003260413000044/emr930201310-k.htm
2013-06-30,EMR,2013-08-07,2013-08-07 16:52:13,Q3,6344000000,3776000000,2568000000,0.4047919293820933,0.0,1396000000,0.0,0.0,1396000000,5172000000,0.0,201000000,712000000,0.112232030265,511000000,0.0805485498108,0.0,511000000,0.0805485498108,297000000,194000000,0.030580075662,0.27,0.27,719900000,724800000,https://www.sec.gov/Archives/edgar/data/32604/000003260413000030/0000032604-13-000030-index.htm,https://www.sec.gov/Archives/edgar/data/32604/000003260413000030/emr-6302013x10q.htm
2013-03-31,EMR,2013-05-08,2013-05-08 14:50:18,Q2,5960000000,3587000000,2373000000,0.3981543624161074,0.0,1426000000,0.0,0.0,1426000000,5013000000,0.0,205000000,1036000000,0.173825503356,831000000,0.139429530201,86000000,831000000,0.139429530201,253000000,561000000,0.0941275167785,0.77,0.77,721400000,726100000,https://www.sec.gov/Archives/edgar/data/32604/000003260413000016/0000032604-13-000016-index.htm,https://www.sec.gov/Archives/edgar/data/32604/000003260413000016/emr-3312013x10q.htm
2012-12-31,EMR,2013-02-06,2013-02-06 15:37:06,Q1,5553000000,3346000000,2207000000,0.3974428236989015,0.0,1394000000,0.0,0.0,1394000000,4740000000,0.0,206000000,879000000,0.158292814695,673000000,0.121195750045,-86000000,673000000,0.121195750045,207000000,454000000,0.0817576084999,0.63,0.62,722300000,726900000,https://www.sec.gov/Archives/edgar/data/32604/000003260413000003/0000032604-13-000003-index.htm,https://www.sec.gov/Archives/edgar/data/32604/000003260413000003/emr-12312012x10q.htm
2012-09-30,EMR,2012-11-20,2012-11-20 11:55:46,FY,6700000000,3951000000,2749000000,0.4102985074626866,547000000,1385000000,0.0,0.0,1932000000,5883000000,0.0,206000000,799000000,0.119253731343,593000000,0.0885074626866,-122000000,593000000,0.0885074626866,293000000,282000000,0.0420895522388,0.39,0.39,730600000,734600000,https://www.sec.gov/Archives/edgar/data/32604/000003260412000012/0000032604-12-000012-index.htm,https://www.sec.gov/Archives/edgar/data/32604/000003260412000012/emr930201210-k.htm
2012-06-30,EMR,2012-08-08,2012-08-08 13:16:08,Q3,6484000000,3856000000,2628000000,0.40530536705737197,0.0,1338000000,0.0,0.0,1338000000,5194000000,0.0,211000000,1366000000,0.210672424429,1155000000,0.178130783467,-84000000,1155000000,0.178130783467,368000000,770000000,0.118753855645,1.05,1.04,732500000,736500000,https://www.sec.gov/Archives/edgar/data/32604/000003260412000009/0000032604-12-000009-index.htm,https://www.sec.gov/Archives/edgar/data/32604/000003260412000009/emr-06302012x10q.htm
2012-03-31,EMR,2012-05-02,2012-05-02 16:10:11,Q2,5919000000,3583000000,2336000000,0.3946612603480318,0.0,1359000000,0.0,0.0,1359000000,4942000000,0.0,202000000,1016000000,0.171650616658,814000000,0.137523230275,-105000000,814000000,0.137523230275,258000000,545000000,0.0920763642507,0.74,0.74,733500000,737500000,https://www.sec.gov/Archives/edgar/data/32604/000003260412000006/0000032604-12-000006-index.htm,https://www.sec.gov/Archives/edgar/data/32604/000003260412000006/emr-03312012x10q.htm
2011-12-31,EMR,2012-02-08,2012-02-08 12:34:53,Q1,5309000000,3254000000,2055000000,0.3870785458655114,0.0,1354000000,0.0,0.0,1354000000,4608000000,0.0,204000000,757000000,0.142588058015,553000000,0.104162742513,-90000000,553000000,0.104162742513,172000000,371000000,0.0698813335845,0.5,0.5,734300000,738300000,https://www.sec.gov/Archives/edgar/data/32604/000114420412006547/0001144204-12-006547-index.htm,https://www.sec.gov/Archives/edgar/data/32604/000114420412006547/v300635_10q.htm
2011-09-30,EMR,2011-11-22,2011-11-21 21:41:04,FY,6545000000,3955000000,2590000000,0.39572192513368987,555000000,1339000000,0.0,0.0,1894000000,5849000000,0.0,217000000,1310000000,0.200152788388,1093000000,0.166997708174,-109000000,1093000000,0.166997708174,345000000,761000000,0.116271963331,1.01,1.01,748500000,753500000,https://www.sec.gov/Archives/edgar/data/32604/000114420411066373/0001144204-11-066373-index.htm,https://www.sec.gov/Archives/edgar/data/32604/000114420411066373/v236587_10k.htm
2011-06-30,EMR,2011-08-04,2011-08-04 10:11:20,Q3,6288000000,3790000000,2498000000,0.397264631043257,0.0,1363000000,0.0,0.0,1363000000,5153000000,0.0,215000000,1207000000,0.191952926209,992000000,0.157760814249,-87000000,992000000,0.157760814249,294000000,683000000,0.108619592875,0.91,0.9,751000000,756200000,https://www.sec.gov/Archives/edgar/data/32604/000114420411043852/0001144204-11-043852-index.htm,https://www.sec.gov/Archives/edgar/data/32604/000114420411043852/v229840_10q.htm
2011-03-31,EMR,2011-05-04,2011-05-04 17:26:51,Q2,5854000000,3548000000,2306000000,0.39391868807652886,0.0,1315000000,0.0,0.0,1315000000,4863000000,0.0,435000000,1268000000,0.216604031431,833000000,0.142295866074,-101000000,833000000,0.142295866074,266000000,556000000,0.0949777929621,0.74,0.73,752200000,757700000,https://www.sec.gov/Archives/edgar/data/32604/000114420411026205/0001144204-11-026205-index.htm,https://www.sec.gov/Archives/edgar/data/32604/000114420411026205/v220474_10q.htm
2010-12-31,EMR,2011-02-02,2011-02-02 15:03:06,Q1,5535000000,3372000000,2163000000,0.3907859078590786,0.0,1311000000,0.0,0.0,1311000000,4683000000,0.0,219000000,713000000,0.1288166215,713000000,0.1288166215,-78000000,713000000,0.1288166215,222000000,480000000,0.0867208672087,0.63,0.63,752200000,758100000,https://www.sec.gov/Archives/edgar/data/32604/000114420411005477/0001144204-11-005477-index.htm,https://www.sec.gov/Archives/edgar/data/32604/000114420411005477/v209617_10q.htm
2010-09-30,EMR,2010-11-23,2010-11-23 17:12:24,FY,5243000000,3031000000,2212000000,0.4218958611481976,473000000,1232000000,0.0,0.0,1705000000,4736000000,0.0,-605000000,196000000,0.0373831775701,801000000,0.152775128743,-114000000,801000000,0.152775128743,241000000,749000000,0.142857142857,0.99,0.72,750700000,757000000,https://www.sec.gov/Archives/edgar/data/32604/000114420410063258/0001144204-10-063258-index.htm,https://www.sec.gov/Archives/edgar/data/32604/000114420410063258/v203504_10k.htm
2010-06-30,EMR,2010-08-04,2010-08-04 11:34:39,Q3,5641000000,3430000000,2211000000,0.3919517815990073,0.0,1194000000,0.0,0.0,1194000000,4624000000,0.0,605000000,1488000000,0.263783017196,883000000,0.156532529693,-70000000,883000000,0.156532529693,273000000,585000000,0.103705016841,0.78,0.78,750800000,756900000,https://www.sec.gov/Archives/edgar/data/32604/000114420410041096/0001144204-10-041096-index.htm,https://www.sec.gov/Archives/edgar/data/32604/000114420410041096/v191417_10q.htm
2010-03-31,EMR,2010-05-05,2010-05-05 15:56:37,Q2,10155000000,6252000000,3903000000,0.3843426883308715,0.0,2391000000,0.0,0.0,2391000000,8643000000,0.0,206000000,1195000000,0.117676021664,1195000000,0.117676021664,-185000000,1195000000,0.117676021664,334000000,830000000,0.081733136386,1.1,1.1,1042857142,1042857142,https://www.sec.gov/Archives/edgar/data/32604/000114420410024596/0001144204-10-024596-index.htm,https://www.sec.gov/Archives/edgar/data/32604/000114420410024596/v183131_10q.htm
2009-12-31,EMR,2010-02-03,2010-02-03 16:50:21,Q1,5011000000,3108000000,1903000000,0.3797645180602674,0.0,1161000000,0.0,0.0,1161000000,4269000000,-65000000,196000000,630000000,0.12572340850129715,434000000,0.08660945918978248,0.0,584000000,0.11654360407104371,0.0,584000000,0.11654360407104371,0.56,0.56,1042857142,1042857142,https://www.sec.gov/Archives/edgar/data/32604/000114420410005166/0001144204-10-005166-index.htm,https://www.sec.gov/Archives/edgar/data/32604/000114420410005166/v172873_10q.htm
2009-09-30,EMR,2009-11-23,2009-11-23 16:52:34,FY,0.0,0.0,0.0,0.0,0.0,0.0,0.0,0.0,0.0,0.0,0.0,-542000000,-542000000,0.0,0.0,0.0,0.0,0.0,0.0,0.0,0.0,0.0,0.0,0.0,1093167701,1093167701,https://www.sec.gov/Archives/edgar/data/32604/000114420409061535/0001144204-09-061535-index.htm,https://www.sec.gov/Archives/edgar/data/32604/000114420409061535/v166921_10k.htm
2009-06-30,EMR,2009-08-05,2009-08-05 13:26:47,Q3,5091000000,3253000000,1838000000,0.3610292673345119,0.0,1089000000,0.0,0.0,1089000000,4342000000,-64000000,184000000,571000000,0.11215871145158123,387000000,0.07601649970536241,0.0,544000000,0.10685523472795129,0.0,544000000,0.10685523472795129,1.61,1.61,1093167701,1093167701,https://www.sec.gov/Archives/edgar/data/32604/000114420409040507/0001144204-09-040507-index.htm,https://www.sec.gov/Archives/edgar/data/32604/000114420409040507/v156095_10q.htm
2009-03-31,EMR,2009-05-05,2009-05-05 16:17:15,Q2,5087000000,3250000000,1837000000,0.36111657165323374,0.0,1119000000,0.0,0.0,1119000000,4369000000,-50000000,182000000,555000000,0.10910163160998623,373000000,0.07332415962256733,0.0,547000000,0.10752899547867112,0.0,547000000,0.10752899547867112,1.1,1.1,1105454545,1105454545,https://www.sec.gov/Archives/edgar/data/32604/000114420409024132/0001144204-09-024132-index.htm,https://www.sec.gov/Archives/edgar/data/32604/000114420409024132/v147980_10q.htm
2008-12-31,EMR,2009-02-04,2009-02-04 17:03:07,Q1,5415000000,3419000000,1996000000,0.3686057248384118,0.0,1193000000,0.0,0.0,1193000000,4612000000,-43000000,176000000,634000000,0.11708217913204062,458000000,0.08457987072945522,0.0,669000000,0.12354570637119114,0.0,669000000,0.12354570637119114,0.6,0.6,1115000000,1115000000,https://www.sec.gov/Archives/edgar/data/32604/000114420409005268/0001144204-09-005268-index.htm,https://www.sec.gov/Archives/edgar/data/32604/000114420409005268/v138523_10q.htm
2008-09-30,EMR,2008-11-25,2008-11-24 18:41:32,FY,0.0,0.0,0.0,0.0,0.0,0.0,0.0,0.0,0.0,0.0,0.0,-530000000,-530000000,0.0,0.0,0.0,0.0,0.0,0.0,0.0,0.0,0.0,0.0,0.0,1151555555,1151555555,https://www.sec.gov/Archives/edgar/data/32604/000114420408066523/0001144204-08-066523-index.htm,https://www.sec.gov/Archives/edgar/data/32604/000114420408066523/v132847_10k.htm
2008-06-30,EMR,2008-08-06,2008-08-06 11:48:37,Q3,6568000000,4155000000,2413000000,0.36738733252131545,0.0,1321000000,0.0,0.0,1321000000,5476000000,-147000000,180000000,827000000,0.12591352009744214,647000000,0.09850791717417783,0.0,2591000000,0.3944884287454324,0.0,2591000000,0.3944884287454324,2.25,2.25,1151555555,1151555555,https://www.sec.gov/Archives/edgar/data/32604/000114420408044085/0001144204-08-044085-index.htm,https://www.sec.gov/Archives/edgar/data/32604/000114420408044085/v121762_10q.htm
2008-03-31,EMR,2008-05-07,2008-05-07 12:21:54,Q2,5906000000,3676000000,2230000000,0.3775821198780901,0.0,1246000000,0.0,0.0,1246000000,4922000000,49000000,179000000,774000000,0.13105316627158822,595000000,0.10074500507958009,0.0,-778000000,-0.13173044361666103,0.0,-778000000,-0.13173044361666103,1.42,1.42,1161194029,1161194029,https://www.sec.gov/Archives/edgar/data/32604/000114420408026482/0001144204-08-026482-index.htm,https://www.sec.gov/Archives/edgar/data/32604/000114420408026482/v112540_10q.htm
2007-12-31,EMR,2008-02-06,2008-02-06 11:31:55,Q1,5637000000,3615000000,2022000000,0.35870143693453965,0.0,1190000000,0.0,0.0,1190000000,4805000000,-49000000,171000000,693000000,0.12293773283661522,522000000,0.09260244811069718,0.0,778000000,0.13801667553663297,0.0,778000000,0.13801667553663297,0.67,0.67,1161194029,1161194029,https://www.sec.gov/Archives/edgar/data/32604/000114420408006396/0001144204-08-006396-index.htm,https://www.sec.gov/Archives/edgar/data/32604/000114420408006396/v101641_10q.htm
2007-09-30,EMR,2007-11-19,2007-11-19 15:34:09,FY,0.0,0.0,0.0,0.0,0.0,0.0,0.0,0.0,0.0,0.0,0.0,-491000000,-491000000,0.0,0.0,0.0,0.0,0.0,0.0,0.0,0.0,0.0,0.0,0.0,1157894736,1157894736,https://www.sec.gov/Archives/edgar/data/32604/000114420407063041/0001144204-07-063041-index.htm,https://www.sec.gov/Archives/edgar/data/32604/000114420407063041/v094142_10k.htm
2007-06-30,EMR,2007-08-08,2007-08-08 13:39:49,Q3,5874000000,3769000000,2105000000,0.35835886959482466,0.0,1160000000,0.0,0.0,1160000000,4929000000,-178000000,163000000,987000000,0.16802860061287028,824000000,0.14027919645897174,0.0,824000000,0.14027919645897174,0.0,824000000,0.14027919645897174,1.9,1.9,1157894736,1157894736,https://www.sec.gov/Archives/edgar/data/32604/000114420407041045/0001144204-07-041045-index.htm,https://www.sec.gov/Archives/edgar/data/32604/000114420407041045/v082875_10q.htm
2007-03-31,EMR,2007-05-03,2007-05-03 13:56:08,Q2,5513000000,3561000000,1952000000,0.3540721929983675,0.0,1115000000,0.0,0.0,1115000000,4676000000,58000000,167000000,903000000,0.16379466715037186,736000000,0.13350263014692546,0.0,736000000,0.13350263014692546,0.0,736000000,0.13350263014692546,1.18,1.18,1166101694,1166101694,https://www.sec.gov/Archives/edgar/data/32604/000114420407022464/0001144204-07-022464-index.htm,https://www.sec.gov/Archives/edgar/data/32604/000114420407022464/v073007_10q.htm
2006-12-31,EMR,2007-02-07,2007-02-07 14:10:45,Q1,5051000000,3256000000,1795000000,0.35537517323302314,0.0,1078000000,0.0,0.0,1078000000,4334000000,-58000000,161000000,801000000,0.15858245891902595,640000000,0.12670758265689963,0.0,640000000,0.12670758265689963,0.0,640000000,0.12670758265689963,0.56,0.56,1142857142,1142857142,https://www.sec.gov/Archives/edgar/data/32604/000114420407005631/0001144204-07-005631-index.htm,https://www.sec.gov/Archives/edgar/data/32604/000114420407005631/v064267_10q.htm
2006-09-30,EMR,2006-11-21,2006-11-20 17:35:15,FY,0.0,0.0,0.0,0.0,0.0,0.0,0.0,0.0,0.0,0.0,0.0,-454000000,-454000000,0.0,0.0,0.0,0.0,0.0,0.0,0.0,0.0,0.0,0.0,0.0,592857142,592857142,https://www.sec.gov/Archives/edgar/data/32604/000119312506239412/0001193125-06-239412-index.htm,https://www.sec.gov/Archives/edgar/data/32604/000119312506239412/d10k.htm
2006-06-30,EMR,2006-08-02,2006-08-02 17:23:38,Q3,5217000000,3361000000,1856000000,0.3557600153344834,0.0,1037000000,0.0,0.0,1037000000,4398000000,100000000,160000000,874000000,0.1675292313590186,714000000,0.136860264519839,0.0,714000000,0.136860264519839,0.0,714000000,0.136860264519839,3.22,3.22,592857142,592857142,https://www.sec.gov/Archives/edgar/data/32604/000114420406030793/0001144204-06-030793-index.htm,https://www.sec.gov/Archives/edgar/data/32604/000114420406030793/v048675_10q.htm
2006-03-31,EMR,2006-05-04,2006-05-04 11:20:01,Q2,4852000000,3118000000,1734000000,0.35737840065952187,0.0,1005000000,0.0,0.0,1005000000,4123000000,-50000000,153000000,778000000,0.16034624896949712,625000000,0.1288128606760099,0.0,625000000,0.1288128606760099,0.0,625000000,0.1288128606760099,2.03,2.03,588669950,588669950,https://www.sec.gov/Archives/edgar/data/32604/000114420406018380/0001144204-06-018380-index.htm,https://www.sec.gov/Archives/edgar/data/32604/000114420406018380/v041879_10-q.htm
2005-12-31,EMR,2006-02-07,2006-02-07 17:12:48,Q1,4548000000,2955000000,1593000000,0.3502638522427441,0.0,950000000,0.0,0.0,950000000,3905000000,-50000000,141000000,711000000,0.15633245382585753,570000000,0.12532981530343007,0.0,570000000,0.12532981530343007,0.0,570000000,0.12532981530343007,0.97,0.97,587628865,587628865,https://www.sec.gov/Archives/edgar/data/32604/000119312506022315/0001193125-06-022315-index.htm,https://www.sec.gov/Archives/edgar/data/32604/000119312506022315/d10q.htm
2005-09-30,EMR,2005-11-22,2005-11-22 11:23:20,FY,0.0,0.0,0.0,0.0,0.0,0.0,0.0,0.0,0.0,0.0,0.0,-420000000,-420000000,0.0,0.0,0.0,0.0,0.0,0.0,0.0,0.0,0.0,0.0,0.0,634854771,634854771,https://www.sec.gov/Archives/edgar/data/32604/000119312505230745/0001193125-05-230745-index.htm,https://www.sec.gov/Archives/edgar/data/32604/000119312505230745/d10k.htm
2005-06-30,EMR,2005-08-05,2005-08-05 16:07:28,Q3,4465000000,2865000000,1600000000,0.3583426651735722,0.0,907000000,0.0,0.0,907000000,3772000000,-52000000,144000000,742000000,0.16618141097424413,598000000,0.1339305711086226,0.0,598000000,0.1339305711086226,0.0,598000000,0.1339305711086226,2.41,2.41,634854771,634854771,https://www.sec.gov/Archives/edgar/data/32604/000110465905036857/0001104659-05-036857-index.htm,https://www.sec.gov/Archives/edgar/data/32604/000110465905036857/a05-14000_110q.htm
2005-03-31,EMR,2005-05-05,2005-05-05 17:28:47,Q2,4227000000,2725000000,1502000000,0.35533475277974924,0.0,893000000,0.0,0.0,893000000,3618000000,-52000000,139000000,637000000,0.15069789448781643,498000000,0.11781405251951739,0.0,498000000,0.11781405251951739,0.0,498000000,0.11781405251951739,1.55,1.55,601290322,601290322,https://www.sec.gov/Archives/edgar/data/32604/000095013705005461/0000950137-05-005461-index.htm,https://www.sec.gov/Archives/edgar/data/32604/000095013705005461/c94964e10vq.htm
2004-12-31,EMR,2005-02-07,2005-02-07 14:28:44,Q1,3970000000,2558000000,1412000000,0.3556675062972292,0.0,872000000,0.0,0.0,872000000,3430000000,-54000000,137000000,571000000,0.1438287153652393,434000000,0.1093198992443325,0.0,434000000,0.1093198992443325,0.0,434000000,0.1093198992443325,0.71,0.71,611267605,611267605,https://www.sec.gov/Archives/edgar/data/32604/000003260405000007/0000032604-05-000007-index.htm,https://www.sec.gov/Archives/edgar/data/32604/000003260405000007/form10q1q05.htm
2004-09-30,EMR,2004-11-18,2004-11-18 16:42:56,FY,12042000000,7726000000,4316000000,0.3584122238830759,0.0,3281000000,0.0,0.0,3281000000,11007000000,-210000000,151000000,1130000000,0.09383823285168577,979000000,0.08129878757681448,0.0,1523000000,0.12647400763992692,0.0,1523000000,0.12647400763992692,3.0,3.0,617333333,617333333,https://www.sec.gov/Archives/edgar/data/32604/000003260404000033/0000032604-04-000033-index.htm,https://www.sec.gov/Archives/edgar/data/32604/000003260404000033/form10kemerson2004.htm
2004-06-30,EMR,2004-08-12,2004-08-11 17:54:11,Q1,3573000000,2323000000,1250000000,0.3498460677301987,0.0,0.0,0.0,0.0,0.0,2323000000,0.0,406000000,684000000,0.19143576826196473,278000000,0.07780576546319619,0.0,329000000,0.0920794850265883,0.0,329000000,0.0920794850265883,0.86,0.86,382558139,382558139,https://www.sec.gov/Archives/edgar/data/32604/000003260404000013/0000032604-04-000013-index.htm,https://www.sec.gov/Archives/edgar/data/32604/000003260404000013/form10q3q04.htm
2004-05-07,EMR,2004-05-07,Not found...,Q2,745625590759933600000000,745625590759933600000000,0.0,0.0,0.0,745625590759933600000000,0.0,745625590759933600000000,745625590759933600000000,1491251181519867200000000,-745625590759933600000000,0.0,344000000,4.613575556726787e-16,344000000,4.613575556726787e-16,745625590759933600000000,500000000,6.705778425474981e-16,0.0,500000000,6.705778425474981e-16,1.34,1.34,614179104,614179104,https://www.sec.gov/Archives/edgar/data/32604/000003260404000007/0000032604-04-000007-index.htm,https://www.sec.gov/Archives/edgar/data/32604/000003260404000007/form10q2q04.htm
2004-02-05,EMR,2004-02-05,Not found...,Q1,322620837174558000000,322620837174558000000,0.0,0.0,0.0,322620837174558000000,0.0,322620837174558000000,322620837174558000000,645241674349116000000,-322620837174558000000,0.0,218000000,6.757158090258392e-13,218000000,6.757158090258392e-13,322620837174558000000,323000000,1.0011752583272756e-12,0.0,323000000,1.0011752583272756e-12,0.52,0.52,621153846,621153846,https://www.sec.gov/Archives/edgar/data/32604/000003260404000003/0000032604-04-000003-index.htm,https://www.sec.gov/Archives/edgar/data/32604/000003260404000003/form10q1q04.htm
2003-11-14,EMR,2003-11-14,2003-11-14 16:45:37,FY,0.0,0.0,0.0,0.0,0.0,0.0,0.0,0.0,0.0,0.0,0.0,0.0,0.0,0.0,0.0,0.0,0.0,0.0,0.0,0.0,0.0,0.0,0.0,0.0,519587628,519587628,https://www.sec.gov/Archives/edgar/data/32604/000003260403000015/0000032604-03-000015-index.htm,https://www.sec.gov/Archives/edgar/data/32604/000003260403000015/ye03-10k.htm
2003-08-12,EMR,2003-08-12,Not found...,Q3,3545230007281180500000000000,3545230007281180500000000000,0.0,0.0,0.0,3545230007281180500000000000,0.0,3545230007281180500000000000,3545230007281180500000000000,3545230007281180500000000000,-3545230007281180500000000000,0.0,68000000,1.918070191788455e-20,68000000,1.918070191788455e-20,-4356000000,339000000,9.562144044357152e-20,0.0,339000000,9.562144044357152e-20,1.94,1.94,519587628,519587628,https://www.sec.gov/Archives/edgar/data/32604/000003260403000012/0000032604-03-000012-index.htm,https://www.sec.gov/Archives/edgar/data/32604/000003260403000012/form10q3q03.htm
2003-03-31,EMR,2003-05-12,2003-05-12 16:36:16,Q2,6719436014520254000000000000,6719436014520254000000000000,0.0,0.0,0.0,6719436014520254000000000000,0.0,6719436014520254000000000000,6719436014520254000000000000,6719436014541211000000000000,-6719436014520254000000000000,0.0,348000000,5.179006083962927e-20,348000000,5.179006083962927e-20,6719436014520254000000000000,348000000,5.179006083962927e-20,0.0,348000000,5.179006083962927e-20,1.08,1.08,619444444,619444444,https://www.sec.gov/Archives/edgar/data/32604/000003260403000008/0000032604-03-000008-index.htm,https://www.sec.gov/Archives/edgar/data/32604/000003260403000008/form10q2q03.htm
2002-12-31,EMR,2003-02-10,2003-02-10 17:05:28,Q1,20957204758000000,20957204758000000,0.0,0.0,0.0,20957204758000000,0.0,20957204758000000,20957204758000000,2920000000,-20957204758000000,0.0,321000000,1.531692817370907e-08,321000000,1.531692817370907e-08,20957204758000000,321000000,1.531692817370907e-08,0.0,321000000,1.531692817370907e-08,0.52,0.52,617307692,617307692,https://www.sec.gov/Archives/edgar/data/32604/000003260403000003/0000032604-03-000003-index.htm,https://www.sec.gov/Archives/edgar/data/32604/000003260403000003/form10q1q03.htm
2002-09-30,EMR,2002-12-23,2002-12-23 17:00:21,FY,0.0,0.0,0.0,0.0,0.0,0.0,0.0,0.0,0.0,0.0,0.0,0.0,0.0,0.0,0.0,0.0,0.0,0.0,0.0,0.0,0.0,0.0,0.0,0.0,-3976666666,-3976666666,https://www.sec.gov/Archives/edgar/data/32604/000003260402000022/0000032604-02-000022-index.htm,https://www.sec.gov/Archives/edgar/data/32604/000003260402000022/ye02-10k.htm
2002-06-30,EMR,2002-08-07,Not found...,Q3,5930000000,2341000000,3589000000,0.6052276559865093,0.0,2341000000,0.0,2341000000,2341000000,4736000000,-2341000000,0.0,421000000,0.07099494097807757,421000000,0.07099494097807757,-4356000000,421000000,0.07099494097807757,0.0,421000000,0.07099494097807757,-0.3,-0.3,-3976666666,-3976666666,https://www.sec.gov/Archives/edgar/data/32604/000003260402000014/0000032604-02-000014-index.htm,https://www.sec.gov/Archives/edgar/data/32604/000003260402000014/final3q02-10q.htm
2002-03-31,EMR,2002-05-14,Not found...,Q2,1062000000,2232000000,-1170000000,-1.1016949152542372,0.0,2232000000,0.0,2232000000,2232000000,1430000000,-2232000000,0.0,404000000,0.3804143126177024,404000000,0.3804143126177024,2232000000,404000000,0.3804143126177024,0.0,404000000,0.3804143126177024,1.26,1.26,612698412,612698412,https://www.sec.gov/Archives/edgar/data/32604/000003260402000009/0000032604-02-000009-index.htm,https://www.sec.gov/Archives/edgar/data/32604/000003260402000009/q2final.htm
2001-12-31,EMR,2002-02-14,Not found...,Q1,3294000000,2124000000,1170000000,0.3551912568306011,0.0,2124000000,0.0,2124000000,2124000000,2926000000,-2124000000,0.0,368000000,0.11171827565270188,368000000,0.11171827565270188,2124000000,368000000,0.11171827565270188,0.0,368000000,0.11171827565270188,0.61,0.61,603278688,603278688,https://www.sec.gov/Archives/edgar/data/32604/000003260402000003/0000032604-02-000003-index.htm,https://www.sec.gov/Archives/edgar/data/32604/000003260402000003/q-1q02.htm
2001-09-30,EMR,2001-12-21,2001-12-21 00:00:00,FY,0.0,0.0,0.0,0.0,0.0,0.0,0.0,0.0,0.0,0.0,0.0,0.0,0.0,0.0,0.0,0.0,0.0,0.0,0.0,0.0,0.0,0.0,0.0,0.0,653246753,653246753,https://www.sec.gov/Archives/edgar/data/32604/000003260401500032/0000032604-01-500032-index.htm,https://www.sec.gov/Archives/edgar/data/32604/000003260401500032/ye0110k.htm
2001-06-30,EMR,2001-08-13,Not found...,Q3,2540000000,2540000000,0.0,0.0,0.0,2540000000,0.0,2540000000,2540000000,2540000000,-2540000000,0.0,503000000,0.1980314960629921,503000000,0.1980314960629921,0.0,503000000,0.1980314960629921,0.0,503000000,0.1980314960629921,0.77,0.77,653246753,653246753,https://www.sec.gov/Archives/edgar/data/32604/000003260401500024/0000032604-01-500024-index.htm,https://www.sec.gov/Archives/edgar/data/32604/000003260401500024/q32001final.htm
