date,symbol,fillingDate,acceptedDate,period,revenue,costOfRevenue,grossProfit,grossProfitRatio,researchAndDevelopmentExpenses,generalAndAdministrativeExpenses,sellingAndMarketingExpenses,otherExpenses,operatingExpenses,costAndExpenses,interestExpense,depreciationAndAmortization,ebitda,ebitdaratio,operatingIncome,operatingIncomeRatio,totalOtherIncomeExpensesNet,incomeBeforeTax,incomeBeforeTaxRatio,incomeTaxExpense,netIncome,netIncomeRatio,eps,epsdiluted,weightedAverageShsOut,weightedAverageShsOutDil,link,finalLink
2020-03-31,F,2020-04-29,2020-04-28 19:03:29,Q1,34320000000,30522000000,3798000000,0.11066433566433566,0.0,0.0,2432000000,492000000,2924000000,35878000000,-2924000000,2444000000,886000000,0.025815850815850815,-1558000000,-0.045396270396270394,680000000,-1146000000,-0.033391608391608395,847000000,-1993000000,-0.05807109557109557,3.963,3.963,3963000000,3963000000,https://www.sec.gov/Archives/edgar/data/37996/000003799620000041/0000037996-20-000041-index.htm,https://www.sec.gov/Archives/edgar/data/37996/000003799620000041/f0331202010-q.htm
2019-12-31,F,2020-02-05,2020-02-05 12:01:22,FY,115558000000,100751000000,14807000000,0.12813478945637688,7400000000,8318000000,2992000000,2072000000,17790000000,116186000000,5409000000,8490000000,7454000000,0.0645044047145,-457000000,-0.01150698728440136,-1660000000,-2436000000,-0.061337026312476395,-764000000,-1672000000,-0.04209996223089513,-0.28,-0.28,3972000000,4004000000,https://www.sec.gov/Archives/edgar/data/37996/000003799620000010/0000037996-20-000010-index.htm,https://www.sec.gov/Archives/edgar/data/37996/000003799620000010/f1231201910-k.htm
2019-09-30,F,2019-10-24,2019-10-23 18:35:03,Q3,77332000000,66224000000,11108000000,0.14364040759323438,0.0,0.0,5444000000,5444000000,4723000000,76391000000,-4723000000,7310000000,8136000000,0.10520871049500853,826000000,0.01068121864170072,1162000000,1591000000,0.020573630579837583,-15000000,1606000000,0.020767599441369678,3.976,3.976,3976.0,4006.0,https://www.sec.gov/Archives/edgar/data/37996/000003799619000078/0000037996-19-000078-index.htm,https://www.sec.gov/Archives/edgar/data/37996/000003799619000078/f0930201910-q.htm
2019-06-30,F,2019-07-25,2019-07-24 19:05:43,Q2,38853000000,33657000000,5196000000,0.13373484672998223,0.0,0.0,2725000000,2725000000,2381000000,38763000000,-2381000000,0.0,205000000,0.005276297840578591,205000000,0.005276297840578591,272000000,205000000,0.005276297840578591,55000000,150000000,0.003860705737008725,0.03765060240963855,0.0373785198106155,3984000000,4013000000,https://www.sec.gov/Archives/edgar/data/37996/000003799619000067/0000037996-19-000067-index.htm,https://www.sec.gov/Archives/edgar/data/37996/000003799619000067/f0630201910-q.htm
2019-03-31,F,2019-04-26,2019-04-25 20:29:16,Q1,40342000000,33942000000,6400000000,0.1586435972435675,0.0,2843000000,2843000000,2843000000,2843000000,39140000000,0.0,0.0,1610000000,0.0399087799316,1610000000,0.0399087799316,628000000,1610000000,0.0399087799316,427000000,1146000000,0.0284071191314,0.29,0.29,3973000000,3997000000,https://www.sec.gov/Archives/edgar/data/37996/000003799619000026/0000037996-19-000026-index.htm,https://www.sec.gov/Archives/edgar/data/37996/000003799619000026/f0331201910-q.htm
2018-12-31,F,2019-02-21,2019-02-21 16:10:10,FY,41793000000,35754000000,6039000000,0.14449788242050104,8200000000,2996000000,2996000000,2996000000,2996000000,41161000000,281000000,8308000000,8291000000,0.198382504247,-17000000,-0.00040676668341588305,-225000000,-17000000,-0.00040676668341588305,95000000,-112000000,-0.0026798746201517,-0.02,-0.03,3974000000,3998000000,https://www.sec.gov/Archives/edgar/data/37996/000003799619000012/0000037996-19-000012-index.htm,https://www.sec.gov/Archives/edgar/data/37996/000003799619000012/f1231201810-k.htm
2018-09-30,F,2018-10-25,2018-10-24 19:14:10,Q3,37666000000,31568000000,6098000000,0.16189667073753516,0.0,2882000000,5629000000,5629000000,2882000000,36802000000,328000000,0.0,1094000000,0.0290447618542,1094000000,0.0290447618542,605000000,1094000000,0.0290447618542,101000000,991000000,0.0263102001805,0.25,0.25,3976000000,3999000000,https://www.sec.gov/Archives/edgar/data/37996/000003799618000084/0000037996-18-000084-index.htm,https://www.sec.gov/Archives/edgar/data/37996/000003799618000084/f0930201810-q.htm
2018-06-30,F,2018-07-26,2018-07-25 19:41:30,Q2,38920000000,33194000000,5726000000,0.14712230215827338,0.0,2778000000,2778000000,2778000000,2778000000,38334000000,287000000,0.0,1349000000,0.0346608427544,1349000000,0.0346608427544,1004000000,1349000000,0.0346608427544,280000000,1066000000,0.0273895169579,0.26,0.27,3976000000,3998000000,https://www.sec.gov/Archives/edgar/data/37996/000003799618000063/0000037996-18-000063-index.htm,https://www.sec.gov/Archives/edgar/data/37996/000003799618000063/f0630201810-q.htm
2018-03-31,F,2018-04-26,2018-04-25 19:38:26,Q1,41959000000,35753000000,6206000000,0.14790628947305703,0.0,2747000000,2747000000,2747000000,2747000000,40838000000,275000000,0.0,1919000000,0.0457351223814,1919000000,0.0457351223814,863000000,1919000000,0.0457351223814,174000000,1736000000,0.0413737219667,0.44,0.43,3974000000,3997000000,https://www.sec.gov/Archives/edgar/data/37996/000003799618000036/0000037996-18-000036-index.htm,https://www.sec.gov/Archives/edgar/data/37996/000003799618000036/f0331201810-q.htm
2017-12-31,F,2018-02-08,2018-02-08 11:41:16,FY,41326000000,34987000000,6339000000,0.15339011760150995,8000000000,3088000000,3088000000,3088000000,3088000000,40457000000,293000000,8453000000,10342000000,0.250254077336,1889000000,0.0457097226927,66000000,1889000000,0.0457097226927,-524000000,2409000000,0.0582926003001,0.6,0.6,3975000000,3998000000,https://www.sec.gov/Archives/edgar/data/37996/000003799618000015/0000037996-18-000015-index.htm,https://www.sec.gov/Archives/edgar/data/37996/000003799618000015/f1231201710-k.htm
2017-09-30,F,2017-10-26,2017-10-26 11:35:06,Q3,36451000000,30288000000,6163000000,0.16907629420317688,0.0,2919000000,5683000000,5683000000,2919000000,35480000000,284000000,0.0,1757000000,0.0482016954267,1757000000,0.0482016954267,45000000,1757000000,0.0482016954267,186000000,1564000000,0.042906916134,0.4,0.39,3975000000,3996000000,https://www.sec.gov/Archives/edgar/data/37996/000003799617000092/0000037996-17-000092-index.htm,https://www.sec.gov/Archives/edgar/data/37996/000003799617000092/f0930201710-q.htm
2017-06-30,F,2017-07-26,2017-07-26 12:17:15,Q2,39853000000,33349000000,6504000000,0.16319975911474668,0.0,2756000000,-8000000.0,-8000000.0,2756000000,38322000000,277000000,0.0,2259000000,0.0566833111685,2259000000,0.0566833111685,74000000,2259000000,0.0566833111685,209000000,2042000000,0.0512383007553,0.51,0.51,3977000000,3998000000,https://www.sec.gov/Archives/edgar/data/37996/000003799617000068/0000037996-17-000068-index.htm,https://www.sec.gov/Archives/edgar/data/37996/000003799617000068/f0630201710-q.htm
2017-03-31,F,2017-04-27,2017-04-27 12:23:59,Q1,39146000000,32708000000,6438000000,0.16446124763705103,0.0,2764000000,2764000000,2764000000,2764000000,37704000000,279000000,0.0,2243000000,0.0572983191131,2243000000,0.0572983191131,22000000,2243000000,0.0572983191131,649000000,1587000000,0.0405405405405,0.4,0.4,3976000000,3999000000,https://www.sec.gov/Archives/edgar/data/37996/000003799617000036/0000037996-17-000036-index.htm,https://www.sec.gov/Archives/edgar/data/37996/000003799617000036/f0331201710-q.htm
2016-12-31,F,2017-02-09,2017-02-09 08:44:28,FY,38654000000,33509000000,5145000000,0.1331039478449837,7300000000,4438000000,4438000000,4438000000,4438000000,40333000000,244000000,8717000000,7600000000,0.196616132871,-1117000000,-0.02889739742329384,133000000,-1117000000,-0.02889739742329384,-336000000,-781000000,-0.020204894706886738,-0.19,-0.2,3973000000,3999000000,https://www.sec.gov/Archives/edgar/data/37996/000003799617000013/0000037996-17-000013-index.htm,https://www.sec.gov/Archives/edgar/data/37996/000003799617000013/f1231201610-k.htm
2016-09-30,F,2016-10-27,2016-10-27 12:20:41,Q3,35943000000,30446000000,5497000000,0.15293659405169296,0.0,2535000000,5097000000,5097000000,2535000000,35181000000,238000000,0.0,1387000000,0.0385888768328,1387000000,0.0385888768328,132000000,1387000000,0.0385888768328,426000000,957000000,0.0266254903597,0.24,0.24,3972000000,3997000000,https://www.sec.gov/Archives/edgar/data/37996/000003799616000158/0000037996-16-000158-index.htm,https://www.sec.gov/Archives/edgar/data/37996/000003799616000158/f0930201610-q.htm
2016-06-30,F,2016-07-28,2016-07-28 13:16:14,Q2,39485000000,32348000000,7137000000,0.18075218437381285,0.0,1400000000,-1162000000,-1162000000,-1565000000,37267000000,412000000,0.0,2875000000,0.072812460428,2875000000,0.072812460428,173000000,2875000000,0.072812460428,903000000,1970000000,0.0498923641889,0.49,0.5,3972000000,3996000000,https://www.sec.gov/Archives/edgar/data/37996/000003799616000133/0000037996-16-000133-index.htm,https://www.sec.gov/Archives/edgar/data/37996/000003799616000133/f0630201610-q.htm
2016-03-31,F,2016-04-28,2016-04-28 12:09:12,Q1,37718000000,30281000000,7437000000,0.19717376318998886,0.0,3823000000,3823000000,32843000000,36666000000,34903000000,0.0,0.0,3651000000,0.0967972851159,3651000000,0.0967972851159,404000000,3651000000,0.0967972851159,1196000000,2452000000,0.0650087491383,0.62,0.61,3970000000,3996000000,https://www.sec.gov/Archives/edgar/data/37996/000003799616000107/0000037996-16-000107-index.htm,https://www.sec.gov/Archives/edgar/data/37996/000003799616000107/f0331201610-q.htm
2015-12-31,F,2016-02-11,2016-02-11 08:13:33,FY,40251000000,33244000000,7007000000,0.17408263148741646,6700000000,3941000000,3941000000,30485000000,41126000000,37911000000,2666000000,7966000000,11086000000,0.275421728653,3120000000,0.0775136021465,280000000,3120000000,0.0775136021465,469000000,2655000000,0.0659610941343,0.67,0.66,3969000000,4002000000,https://www.sec.gov/Archives/edgar/data/37996/000003799616000092/0000037996-16-000092-index.htm,https://www.sec.gov/Archives/edgar/data/37996/000003799616000092/f1231201510-k.htm
2015-09-30,F,2015-10-27,2015-10-27 13:10:57,Q3,38144000000,31493000000,6651000000,0.1743655620805369,0.0,3731000000,7340000000,35224000000,38955000000,35936000000,206000000,0.0,2859000000,0.0749528104027,2859000000,0.0749528104027,636000000,2859000000,0.0749528104027,950000000,1909000000,0.0500471895973,0.48,0.48,3968000000,4002000000,https://www.sec.gov/Archives/edgar/data/37996/000003799615000064/0000037996-15-000064-index.htm,https://www.sec.gov/Archives/edgar/data/37996/000003799615000064/f0930201510-q.htm
2015-06-30,F,2015-07-28,2015-07-28 11:48:20,Q2,37263000000,30602000000,6661000000,0.17875640715991734,0.0,3718000000,109000000,35313000000,39031000000,35033000000,355000000,0.0,2868000000,0.0769664278238,2868000000,0.0769664278238,82000000,2868000000,0.0769664278238,982000000,1885000000,0.0505863725411,0.48,0.47,3968000000,4003000000,https://www.sec.gov/Archives/edgar/data/37996/000003799615000046/0000037996-15-000046-index.htm,https://www.sec.gov/Archives/edgar/data/37996/000003799615000046/f0630201510-q.htm
2015-03-31,F,2015-04-28,2015-04-28 11:46:33,Q1,33900000000,28702000000,5198000000,0.15333333333333332,0.0,3609000000,3609000000,31318000000,34927000000,33031000000,0.0,0.0,1405000000,0.0414454277286,1405000000,0.0414454277286,190000000,1405000000,0.0414454277286,480000000,924000000,0.0272566371681,0.23,0.23,3963000000,4001000000,https://www.sec.gov/Archives/edgar/data/37996/000003799615000029/0000037996-15-000029-index.htm,https://www.sec.gov/Archives/edgar/data/37996/000003799615000029/f0331201510-q.htm
2014-12-31,F,2015-02-13,2015-02-13 07:03:25,FY,35870000000,31051000000,4819000000,0.13434625034848063,6900000000,3785000000,3785000000,27936000000,38621000000,35589000000,2877000000,7423000000,7367000000,0.205380540842,-56000000,-0.0015611931976582101,-663000000,-56000000,-0.0015611931976582101,-105000000,52000000,0.00144967939783,0.01,0.02,3912000000,4045000000,https://www.sec.gov/Archives/edgar/data/37996/000003799615000013/0000037996-15-000013-index.htm,https://www.sec.gov/Archives/edgar/data/37996/000003799615000013/f1231201410-k.htm
2014-09-30,F,2014-10-31,2014-10-31 11:26:10,Q3,34920000000,30197000000,4723000000,0.13525200458190148,0.0,3484000000,6856000000,33681000000,37165000000,34428000000,204000000,0.0,1021000000,0.0292382588774,1021000000,0.0292382588774,469000000,1021000000,0.0292382588774,188000000,835000000,0.0239117983963,0.22,0.21,3915000000,4062000000,https://www.sec.gov/Archives/edgar/data/37996/000003799614000057/0000037996-14-000057-index.htm,https://www.sec.gov/Archives/edgar/data/37996/000003799614000057/f0930201410-q.htm
2014-06-30,F,2014-07-31,2014-07-31 11:43:21,Q2,37411000000,31247000000,6164000000,0.16476437411456524,0.0,3476000000,104000000,34723000000,38199000000,35510000000,207000000,0.0,2118000000,0.056614364759,2118000000,0.056614364759,56000000,2118000000,0.056614364759,803000000,1311000000,0.0350431691214,0.33,0.33,3943000000,4089000000,https://www.sec.gov/Archives/edgar/data/37996/000003799614000043/0000037996-14-000043-index.htm,https://www.sec.gov/Archives/edgar/data/37996/000003799614000043/f0630201410-q.htm
2014-03-31,F,2014-05-01,2014-05-01 14:32:11,Q1,35876000000,31021000000,4855000000,0.13532723826513546,0.0,3372000000,3372000000,34393000000,37765000000,35110000000,208000000,0.0,1259000000,0.0350930984502,1259000000,0.0350930984502,214000000,1259000000,0.0350930984502,270000000,989000000,0.0275671758279,0.25,0.24,3946000000,4094000000,https://www.sec.gov/Archives/edgar/data/37996/000003799614000023/0000037996-14-000023-index.htm,https://www.sec.gov/Archives/edgar/data/37996/000003799614000023/f0331201410-q.htm
2013-12-31,F,2014-02-18,2014-02-18 14:09:05,FY,37036000000,32675000000,4361000000,0.11775029700831623,6400000000,3080000000,3080000000,29355000000,38835000000,36511000000,3072000000,0.0,968000000,0.0261367318285,968000000,0.0261367318285,288000000,968000000,0.0261367318285,-2061000000,3039000000,0.0820552975483,0.77,0.74,3935000000,4087000000,https://www.sec.gov/Archives/edgar/data/37996/000003799614000010/0000037996-14-000010-index.htm,https://www.sec.gov/Archives/edgar/data/37996/000003799614000010/f1231201310k.htm
2013-09-30,F,2013-10-31,2013-10-31 11:37:29,Q3,35976000000,30030000000,5946000000,0.1652768512341561,0.0,3436000000,6721000000,33466000000,36902000000,34274000000,204000000,0.0,2091000000,0.0581220813876,2091000000,0.0581220813876,445000000,2091000000,0.0581220813876,818000000,1272000000,0.0353569046031,0.33,0.32,3933000000,4086000000,https://www.sec.gov/Archives/edgar/data/37996/000003799613000055/0000037996-13-000055-index.htm,https://www.sec.gov/Archives/edgar/data/37996/000003799613000055/f09302013-10q.htm
2013-06-30,F,2013-07-31,2013-07-31 11:29:24,Q2,38095000000,32524000000,5571000000,0.14623966399789998,0.0,3375000000,90000000,35899000000,39274000000,36657000000,207000000,0.0,1819000000,0.0477490484316,1819000000,0.0477490484316,-4000000.0,1819000000,0.0477490484316,585000000,1233000000,0.0323664522903,0.31,0.3,3928000000,4077000000,https://www.sec.gov/Archives/edgar/data/37996/000003799613000042/0000037996-13-000042-index.htm,https://www.sec.gov/Archives/edgar/data/37996/000003799613000042/f06302013-10q.htm
2013-03-31,F,2013-05-01,2013-05-01 11:57:24,Q1,35810000000,30005000000,5805000000,0.16210555710695337,0.0,3285000000,3285000000,33290000000,36575000000,34036000000,206000000,0.0,2123000000,0.0592851158894,2123000000,0.0592851158894,245000000,2123000000,0.0592851158894,511000000,1611000000,0.0449874336777,0.41,0.4,3923000000,4072000000,https://www.sec.gov/Archives/edgar/data/37996/000003799613000027/0000037996-13-000027-index.htm,https://www.sec.gov/Archives/edgar/data/37996/000003799613000027/f03312013-10q.htm
2012-12-31,F,2013-02-19,2013-02-19 07:12:51,FY,36424000000,31412000000,5012000000,0.13760158137491763,0.0,0.0,3408000000,3408000000,3408000000,35038000000,-156000000,0.0,1841000000,0.05054359762793762,1841000000,0.05054359762793762,798000000,1841000000,0.05054359762793762,246000000,1595000000,0.04378980891719745,0.0,0.0,0.0,0.0,https://www.sec.gov/Archives/edgar/data/37996/000003799613000014/0000037996-13-000014-index.htm,https://www.sec.gov/Archives/edgar/data/37996/000003799613000014/f12312012-10k.htm
2012-09-30,F,2012-11-02,2012-11-02 11:33:11,Q3,32172000000,26543000000,5629000000,0.17496580877781923,0.0,2909000000,5795000000,28799000000,31708000000,30471000000,962000000,0.0,3017000000,0.0937771975631,3017000000,0.0937771975631,472000000,2246000000,0.0698122591073,613000000,1631000000,0.0506962576153,0.43,0.41,3811000000,4017000000,https://www.sec.gov/Archives/edgar/data/37996/000003799612000049/0000037996-12-000049-index.htm,https://www.sec.gov/Archives/edgar/data/37996/000003799612000049/f09302012-10q.htm
2012-06-30,F,2012-08-03,2012-08-03 11:11:00,Q2,33211000000,27769000000,5442000000,0.163861371232423,0.0,2979000000,93000000,30149000000,33128000000,31714000000,986000000,0.0,1326000000,0.0399265303664,1326000000,0.0399265303664,-237000000,1595000000,0.0480262563608,557000000,1040000000,0.0313149257776,0.27,0.26,3809000000,4036000000,https://www.sec.gov/Archives/edgar/data/37996/000003799612000036/0000037996-12-000036-index.htm,https://www.sec.gov/Archives/edgar/data/37996/000003799612000036/f06302012-10q.htm
2012-03-31,F,2012-05-04,2012-05-04 11:53:31,Q1,32445000000,26854000000,5591000000,0.17232239173986746,0.0,2886000000,2886000000,29140000000,32026000000,30738000000,1011000000,0.0,1536000000,0.0473416551086,1536000000,0.0473416551086,152000000,2038000000,0.0628139929111,640000000,1396000000,0.0430266605024,0.37,0.35,3803000000,4055000000,https://www.sec.gov/Archives/edgar/data/37996/000003799612000023/0000037996-12-000023-index.htm,https://www.sec.gov/Archives/edgar/data/37996/000003799612000023/f03312012-10q.htm
2011-12-31,F,2012-02-21,2012-02-21 15:45:59,FY,34576000000,29699000000,4877000000,0.14105159648310966,0.0,0.0,3076000000,3076000000,488000000,33804000000,-1034000000,0.0,488000000,0.014113836186950486,488000000,0.014113836186950486,488000000,1453000000,0.04202336881073577,-12161000000,13614000000,0.3937413234613605,0.0,0.0,0.0,0.0,https://www.sec.gov/Archives/edgar/data/37996/000003799612000007/0000037996-12-000007-index.htm,https://www.sec.gov/Archives/edgar/data/37996/000003799612000007/f12312011-10k.htm
2011-09-30,F,2011-11-04,2011-11-04 12:14:42,Q3,33047000000,27617000000,5430000000,0.1643114352286138,0.0,2861000000,5595000000,29997000000,32858000000,31579000000,1096000000,0.0,1224000000,0.0370381577753,1224000000,0.0370381577753,138000000,1846000000,0.0558598359912,194000000,1649000000,0.049898629225,0.43,0.42,3790000000,4134000000,https://www.sec.gov/Archives/edgar/data/37996/000003799611000016/0000037996-11-000016-index.htm,https://www.sec.gov/Archives/edgar/data/37996/000003799611000016/f09302011-10q.htm
2011-06-30,F,2011-08-05,2011-08-05 12:01:58,Q2,68641000000,56029000000,12612000000,0.1837385818971169,0.0,5641000000,173000000,60862000000,66503000000,63938000000,2301000000,0.0,3997000000,0.0582305036349,3997000000,0.0582305036349,159000000,5382000000,0.0784079486021,426000000,4949000000,0.0720997654463,1.31,1.2,3785000000,4183000000,https://www.sec.gov/Archives/edgar/data/37996/000003799611000004/0000037996-11-000004-index.htm,https://www.sec.gov/Archives/edgar/data/37996/000003799611000004/f06302011-10q.htm
2011-03-31,F,2011-05-10,2011-05-10 16:46:52,Q1,33114000000,26776000000,6338000000,0.1913994081053331,0.0,0.0,2734000000,2734000000,40000000,30630000000,0.0,0.0,40000000,0.001207948299812768,40000000,0.001207948299812768,40000000,2776000000,0.0838316120070061,220000000,2556000000,0.07718789635803587,0.0,0.0,1901130762,1901130762,https://www.sec.gov/Archives/edgar/data/37996/000115752311002989/0001157523-11-002989-index.htm,https://www.sec.gov/Archives/edgar/data/37996/000115752311002989/a6708785.htm
2010-12-31,F,2011-02-28,2011-02-28 07:33:42,FY,32428000000,27251000000,5177000000,0.1596459849512767,0.0,0.0,3029000000,3029000000,-698000000,31618000000,0.0,0.0,-698000000,-0.021524608363142964,-698000000,-0.021524608363142964,-698000000,280000000,0.008634513383495744,92000000,188000000,0.005797458986061429,0.0,0.0,0.0,0.0,https://www.sec.gov/Archives/edgar/data/37996/000115752311001210/0001157523-11-001210-index.htm,https://www.sec.gov/Archives/edgar/data/37996/000115752311001210/a6622311.htm
2010-09-30,F,2010-11-08,2010-11-08 12:13:47,Q2,61459000000,49372000000,12087000000,0.19666769716396296,0.0,0.0,5743000000,5743000000,277000000,58208000000,0.0,0.0,277000000,0.004507069753819619,277000000,0.004507069753819619,277000000,4022000000,0.06544200198506321,249000000,3773000000,0.06139052050960803,0.0,0.0,0.0,0.0,https://www.sec.gov/Archives/edgar/data/37996/000115752310006707/0001157523-10-006707-index.htm,https://www.sec.gov/Archives/edgar/data/37996/000115752310006707/a6499435.htm
2010-06-30,F,2010-08-06,2010-08-06 11:50:07,Q2,3501000000,2689000000,812000000,0.23193373321908026,0.0,0.0,48000000,48000000,-130000000,2582000000,0.0,0.0,-130000000,-0.037132247929163094,-130000000,-0.037132247929163094,-130000000,712000000,0.20337046558126248,201000000,511000000,0.14595829762924878,0.0,0.0,0.0,0.0,https://www.sec.gov/Archives/edgar/data/37996/000115752310004856/0001157523-10-004856-index.htm,https://www.sec.gov/Archives/edgar/data/37996/000115752310004856/a6384925.htm
2010-03-31,F,2010-05-07,2010-05-07 13:14:03,Q1,31566000000,25139000000,6427000000,0.20360514477602484,0.0,0.0,3089000000,3089000000,189000000,29888000000,0.0,0.0,189000000,0.0059874548564911615,189000000,0.0059874548564911615,189000000,2135000000,0.06763606411962238,50000000,2085000000,0.06605208135335487,0.0,0.0,988302139,988302139,https://www.sec.gov/Archives/edgar/data/37996/000115752310002965/0001157523-10-002965-index.htm,https://www.sec.gov/Archives/edgar/data/37996/000115752310002965/a6257555.htm
2009-12-31,F,2010-02-25,2010-02-25 14:03:27,FY,35449000000,29732000000,5717000000,0.161273942847471,0.0,0.0,3290000000,3290000000,142000000,34689000000,-1583000000,0.0,142000000,0.004005754746255184,142000000,0.004005754746255184,142000000,1060000000,0.029902112894580946,109000000,951000000,0.026827272983723095,2.992,2.992,988302139,988302139,https://www.sec.gov/Archives/edgar/data/37996/000115752310001218/0001157523-10-001218-index.htm,https://www.sec.gov/Archives/edgar/data/37996/000115752310001218/a6182308.htm
2009-09-30,F,2009-11-06,2009-11-06 14:06:44,Q3,55670000000,46838000000,8832000000,0.15864918268367165,0.0,0.0,6803000000,9481000000,1494000000,57727000000,-3559000000,0.0,1494000000,0.026836716364289564,1494000000,0.026836716364289564,1494000000,-405000000,-0.0072750134722471705,-65000000,-340000000,-0.006107418717442069,0.0,0.0,0.0,0.0,https://www.sec.gov/Archives/edgar/data/37996/000114036109025042/0001140361-09-025042-index.htm,https://www.sec.gov/Archives/edgar/data/37996/000114036109025042/form10q.htm
2009-06-30,F,2009-08-05,2009-08-05 12:00:40,Q2,2411000000,1784000000,627000000,0.2600580671920365,0.0,0.0,-562000000,-3240000000,2309000000,989000000,250000000,0.0,2309000000,0.9576939029448361,2309000000,0.9576939029448361,2309000000,3991000000,1.6553297386976358,229000000,3762000000,1.560348403152219,0.0,0.0,0.0,0.0,https://www.sec.gov/Archives/edgar/data/37996/000114036109017928/0001140361-09-017928-index.htm,https://www.sec.gov/Archives/edgar/data/37996/000114036109017928/form10q.htm
2009-03-31,F,2009-05-08,2009-05-08 16:04:54,Q1,24778000000,21662000000,3116000000,0.1257567196706756,0.0,0.0,3727000000,3727000000,1343000000,27727000000,-1936000000,0.0,1343000000,0.05420130761159093,1343000000,0.05420130761159093,1343000000,-1620000000,-0.06538057954637178,-204000000,-1416000000,-0.05714746952942126,0.0,0.0,-6364716234,-6364716234,https://www.sec.gov/Archives/edgar/data/37996/000114036109011558/0001140361-09-011558-index.htm,https://www.sec.gov/Archives/edgar/data/37996/000114036109011558/form10q.htm
2008-12-31,F,2009-02-26,2009-02-26 06:17:07,FY,29192000000,26653000000,2539000000,0.08697588380378186,0.0,0.0,4456000000,4456000000,-411000000,33985000000,-2343000000,0.0,-411000000,-0.014079199780761853,-411000000,-0.014079199780761853,-411000000,-5150000000,-0.17641819676623732,874000000,-6024000000,-0.20635790627569198,2.273,2.273,-6364716234,-6364716234,https://www.sec.gov/Archives/edgar/data/37996/000114036109005071/0001140361-09-005071-index.htm,https://www.sec.gov/Archives/edgar/data/37996/000114036109005071/form10k.htm
2008-09-30,F,2008-11-07,2008-11-07 16:50:59,Q3,75573000000,60455000000,15118000000,0.20004498961269238,0.0,0.0,9669000000,9669000000,-152000000,75794000000,-4927000000,0.0,-152000000,-0.0020113003321291997,-152000000,-0.0020113003321291997,-152000000,-224000000,-0.002964021542085136,-367000000,143000000,0.0018922101808847075,0.0,0.0,0.0,0.0,https://www.sec.gov/Archives/edgar/data/37996/000114036108024745/0001140361-08-024745-index.htm,https://www.sec.gov/Archives/edgar/data/37996/000114036108024745/form10q.htm
2008-06-30,F,2008-08-08,2008-08-08 09:48:42,Q2,41512000000,39995000000,1517000000,0.036543650028907304,0.0,0.0,7305000000,7305000000,-192000000,50310000000,-2412000000,0.0,-192000000,-0.0046251686259394876,-192000000,-0.0046251686259394876,-192000000,-9030000000,-0.21752746193871653,-444000000,-8586000000,-0.20683175949123145,0.0,0.0,0.0,0.0,https://www.sec.gov/Archives/edgar/data/37996/000114036108018630/0001140361-08-018630-index.htm,https://www.sec.gov/Archives/edgar/data/37996/000114036108018630/form10q.htm
2008-03-31,F,2008-05-07,2008-05-07 13:45:37,Q1,43513000000,35455000000,8058000000,0.1851860363569508,0.0,0.0,5081000000,5081000000,92000000,43421000000,-2542000000,0.0,92000000,0.0021143106657780433,92000000,0.0021143106657780433,92000000,320000000,0.007354124054880151,97000000,223000000,0.005124905200744605,0.0,0.0,-1239009600,-1239009600,https://www.sec.gov/Archives/edgar/data/37996/000114036108011356/0001140361-08-011356-index.htm,https://www.sec.gov/Archives/edgar/data/37996/000114036108011356/form10q.htm
2007-12-31,F,2008-02-27,2008-02-27 16:16:58,FY,44116000000,38452000000,5664000000,0.12838879318161212,0.0,0.0,5341000000,5341000000,489000000,49204000000,-2717000000,0.0,489000000,0.011084413818115877,489000000,0.011084413818115877,489000000,-4472000000,-0.10136911778039713,-1761000000,-2711000000,-0.061451627527427694,1.979,1.979,-1239009600,-1239009600,https://www.sec.gov/Archives/edgar/data/37996/000114036108005181/0001140361-08-005181-index.htm,https://www.sec.gov/Archives/edgar/data/37996/000114036108005181/form10k.htm
2007-09-30,F,2007-11-08,2007-11-08 16:07:22,Q3,84097000000,67953000000,16144000000,0.19196879793571708,0.0,0.0,10876000000,10876000000,113000000,84533000000,-5451000000,0.0,113000000,0.0013436864573052546,113000000,0.0013436864573052546,113000000,-200000000,-0.0023782061191243444,344000000,-544000000,-0.006468720644018217,0.0,0.0,0.0,0.0,https://www.sec.gov/Archives/edgar/data/37996/000114036107021358/0001140361-07-021358-index.htm,https://www.sec.gov/Archives/edgar/data/37996/000114036107021358/form10-q.htm
2007-06-30,F,2007-08-07,2007-08-07 15:07:19,Q2,1223000000,1467000000,-244000000,-0.19950940310711365,0.0,0.0,-1020000000,-1020000000,230000000,550000000,-41000000,0.0,230000000,0.18806214227309895,230000000,0.18806214227309895,230000000,970000000,0.7931316434995912,-59000000,1029000000,0.8413736713000818,0.0,0.0,0.0,0.0,https://www.sec.gov/Archives/edgar/data/37996/000114036107015530/0001140361-07-015530-index.htm,https://www.sec.gov/Archives/edgar/data/37996/000114036107015530/form10q.htm
2007-03-31,F,2007-05-09,2007-05-09 13:25:09,Q1,43019000000,34715000000,8304000000,0.19303098630837537,0.0,0.0,5972000000,5972000000,329000000,43464000000,-2718000000,0.0,329000000,0.007647783537506683,329000000,0.007647783537506683,329000000,-44000000,-0.001022803877356517,182000000,-226000000,-0.005253492642785746,0.0,0.0,-6601915912,-6601915912,https://www.sec.gov/Archives/edgar/data/37996/000114036107009438/0001140361-07-009438-index.htm,https://www.sec.gov/Archives/edgar/data/37996/000114036107009438/form10q.htm
2006-12-31,F,2007-02-28,2007-02-28 16:51:44,FY,40318000000,38529000000,1789000000,0.04437224068654199,0.0,0.0,5450000000,5450000000,398000000,46480000000,-2453000000,0.0,398000000,0.00987152140483159,398000000,0.00987152140483159,398000000,-5688000000,-0.14107842650925145,-147000000,-5541000000,-0.1374324123220398,1.879,1.879,-6601915912,-6601915912,https://www.sec.gov/Archives/edgar/data/37996/000095012407001201/0000950124-07-001201-index.htm,https://www.sec.gov/Archives/edgar/data/37996/000095012407001201/k12522e10vk.htm
2006-09-30,F,2006-11-14,2006-11-14 08:07:31,Q3,77840000000,74173000000,3667000000,0.04710945529290853,0.0,0.0,9099000000,9099000000,770000000,87556000000,-4152000000,0.0,770000000,0.009892086330935251,770000000,0.009892086330935251,770000000,-8806000000,-0.1131294964028777,-2179000000,-6627000000,-0.08513617677286742,0.0,0.0,0.0,0.0,https://www.sec.gov/Archives/edgar/data/37996/000114036106016173/0001140361-06-016173-index.htm,https://www.sec.gov/Archives/edgar/data/37996/000114036106016173/form10-q.htm
2006-06-30,F,2006-08-04,2006-08-04 15:13:31,Q2,910000000,507000000,403000000,0.44285714285714284,0.0,0.0,39000000,39000000,95000000,-283000000,-1963000000,0.0,95000000,0.1043956043956044,95000000,0.1043956043956044,95000000,1414000000,1.5538461538461539,523000000,891000000,0.9791208791208791,0.0,0.0,0.0,0.0,https://www.sec.gov/Archives/edgar/data/37996/000003799606000060/0000037996-06-000060-index.htm,https://www.sec.gov/Archives/edgar/data/37996/000003799606000060/body10q063006.htm
2006-03-31,F,2006-05-09,2006-05-09 11:52:47,Q1,41055000000,36674000000,4381000000,0.10671051029107295,0.0,0.0,4592000000,4592000000,215000000,43320000000,-215000000,0.0,215000000,0.005236877359639508,215000000,0.005236877359639508,215000000,-1971000000,-0.04800876872488126,-843000000,-1128000000,-0.027475337961271464,0.0,0.0,1358613217,1358613217,https://www.sec.gov/Archives/edgar/data/37996/000003799606000043/0000037996-06-000043-index.htm,https://www.sec.gov/Archives/edgar/data/37996/000003799606000043/body10q050806.htm
2005-12-31,F,2006-03-01,2006-03-01 16:09:32,FY,46549000000,39141000000,7408000000,0.15914412769339836,0.0,0.0,6452000000,6452000000,138000000,47710000000,-1984000000,0.0,138000000,0.002964617929493652,138000000,0.002964617929493652,138000000,98000000,0.0021053083847128833,-385000000,483000000,0.010376162753227782,1.846,1.846,1358613217,1358613217,https://www.sec.gov/Archives/edgar/data/37996/000003800906000031/0000038009-06-000031-index.htm,https://www.sec.gov/Archives/edgar/data/37996/000003800906000031/fmc10k2005.htm
2005-09-30,F,2005-11-07,2005-11-07 16:29:20,Q3,106022000000,30053000000,75969000000,0.7165399634038219,0.0,0.0,6745000000,6745000000,-4719000000,-17299000000,-4438000000,0.0,1288000000,0.012148422025617325,1288000000,0.012148422025617325,123000000,2053000000,0.01936390560449718,-1064000000,3117000000,0.029399558582181056,0.0,0.0,-596721311,-596721311,https://www.sec.gov/Archives/edgar/data/37996/000003799605000278/0000037996-05-000278-index.htm,https://www.sec.gov/Archives/edgar/data/37996/000003799605000278/body10q093005.htm
2004-12-31,F,2005-03-10,2005-03-10 16:23:23,FY,24518000000,135856000000,-111338000000,-4.541071865568154,0.0,0.0,11455000000,11455000000,5830000000,147311000000,-1221000000,0.0,-177000000,-0.007219185904233624,-177000000,-0.007219185904233624,988000000,-155000000,-0.0063218859613345295,937000000,-1092000000,-0.044538706256627786,1.83,1.83,-596721311,-596721311,https://www.sec.gov/Archives/edgar/data/37996/000095012405001427/0000950124-05-001427-index.htm,https://www.sec.gov/Archives/edgar/data/37996/000095012405001427/k91869e10vk.htm
2003-12-31,F,2004-03-12,2004-03-12 17:27:39,FY,3989000000,36748000000,-32759000000,-8.212333918275258,0.0,0.0,2948000000,2948000000,1004000000,39696000000,-329000000,0.0,-1225000000,-0.30709450990223114,-1225000000,-0.30709450990223114,0.0,-1175000000,-0.29456004011030334,-189000000,-986000000,-0.24717974429681625,1.832,1.832,-1141921397,-1141921397,https://www.sec.gov/Archives/edgar/data/37996/000095012404000885/0000950124-04-000885-index.htm,https://www.sec.gov/Archives/edgar/data/37996/000095012404000885/k83502e10vk.htm
