date,symbol,fillingDate,acceptedDate,period,revenue,costOfRevenue,grossProfit,grossProfitRatio,researchAndDevelopmentExpenses,generalAndAdministrativeExpenses,sellingAndMarketingExpenses,otherExpenses,operatingExpenses,costAndExpenses,interestExpense,depreciationAndAmortization,ebitda,ebitdaratio,operatingIncome,operatingIncomeRatio,totalOtherIncomeExpensesNet,incomeBeforeTax,incomeBeforeTaxRatio,incomeTaxExpense,netIncome,netIncomeRatio,eps,epsdiluted,weightedAverageShsOut,weightedAverageShsOutDil,link,finalLink
2020-02-29,FDX,2020-03-17,2020-03-17 16:17:33,Q3,17487000000,879000000,16608000000,0.9497340881797907,0.0,6382000000,0.0,2378000000,8760000000,17076000000,0.0,908000000,1319000000,0.0754274603992,411000000,0.0235031737862,9000000.0,420000000,0.0240178418254,105000000,315000000,0.018013381369,1.21,1.2,261000000,262000000,https://www.sec.gov/Archives/edgar/data/1048911/000156459020011411/0001564590-20-011411-index.htm,https://www.sec.gov/Archives/edgar/data/1048911/000156459020011411/fdx-10q_20200229.htm
2019-11-30,FDX,2019-12-17,2019-12-17 16:17:32,Q2,17324000000,890000000,16434000000,0.9486261833294851,0.0,6235000000,0.0,2333000000,8568000000,16770000000,0.0,901000000,1455000000,0.0839875317479,554000000,0.0319787577927,18000000,572000000,0.033017778804,12000000,560000000,0.0323250981298,2.14,2.13,261000000,262000000,https://www.sec.gov/Archives/edgar/data/1048911/000156459019046220/0001564590-19-046220-index.htm,https://www.sec.gov/Archives/edgar/data/1048911/000156459019046220/fdx-10q_20191130.htm
2019-08-31,FDX,2019-09-17,2019-09-17 16:17:01,Q1,17048000000,4028000000,13020000000,0.7637259502580948,0.0,6087000000,0.0,2214000000,8301000000,16071000000,0.0,879000000,1856000000,0.108869075551,977000000,0.0573087752229,19000000,996000000,0.0584232754575,251000000,745000000,0.043700140779,2.86,2.84,260000000,262000000,https://www.sec.gov/Archives/edgar/data/1048911/000156459019034896/0001564590-19-034896-index.htm,https://www.sec.gov/Archives/edgar/data/1048911/000156459019034896/fdx-10q_20190831.htm
2019-05-31,FDX,2019-07-16,2019-07-16 16:18:24,FY,17807000000,4088000000,13719000000,0.7704273600269557,0.0,6187000000,0.0,6691000000,12878000000,16491000000,588000000,866000000,2182000000,0.122536081316,1316000000,0.0739035210872,-3725000000,-2554000000,-0.14342674229235694,-585000000,-1969000000,-0.11057449317684057,-7.49,-7.38,262000000,265000000,https://www.sec.gov/Archives/edgar/data/1048911/000156459019025065/0001564590-19-025065-index.htm,https://www.sec.gov/Archives/edgar/data/1048911/000156459019025065/fdx-10k_20190531.htm
2019-02-28,FDX,2019-03-19,2019-03-19 16:20:41,Q3,17010000000,4253000000,12757000000,0.7499706055261611,0.0,6069000000,0.0,2173000000,8242000000,16099000000,0.0,851000000,1762000000,0.103586125808,911000000,0.0535567313345,20000000,931000000,0.0547325102881,192000000,739000000,0.0434450323339,2.84,2.81,262000000,266000000,https://www.sec.gov/Archives/edgar/data/1048911/000156459019008444/0001564590-19-008444-index.htm,https://www.sec.gov/Archives/edgar/data/1048911/000156459019008444/fdx-10q_20190228.htm
2018-11-30,FDX,2018-12-18,2018-12-18 16:07:08,Q2,17824000000,4346000000,13478000000,0.7561714542190305,0.0,6260000000,0.0,2296000000,8556000000,16656000000,0.0,828000000,1996000000,0.111983842011,1168000000,0.0655296229803,9000000.0,1177000000,0.0660345601436,242000000,935000000,0.0524573608618,3.56,3.5,263000000,268000000,https://www.sec.gov/Archives/edgar/data/1048911/000156459018031032/0001564590-18-031032-index.htm,https://www.sec.gov/Archives/edgar/data/1048911/000156459018031032/fdx-10q_20181130.htm
2018-08-31,FDX,2018-09-17,2018-09-17 16:27:09,Q1,17052000000,3967000000,13085000000,0.7673586676049731,0.0,6260000000,0.0,2132000000,8392000000,15981000000,0.0,808000000,1879000000,0.110192352803,1071000000,0.0628078817734,30000000,1101000000,0.0645672061928,266000000,835000000,0.0489678630073,3.15,3.1,265000000,269000000,https://www.sec.gov/Archives/edgar/data/1048911/000156459018023207/0001564590-18-023207-index.htm,https://www.sec.gov/Archives/edgar/data/1048911/000156459018023207/fdx-10q_20180831.htm
2018-05-31,FDX,2018-07-16,2018-07-16 16:19:05,FY,17314000000,939000000,16375000000,0.9457664317893034,0.0,5966000000,0.0,2740000000,8706000000,15824000000,558000000,802000000,2292000000,0.132378422086,1490000000,0.0860575257017,-132000000,1358000000,0.0784336375188,231000000,1127000000,0.0650918331986,4.23,4.16,267000000,272000000,https://www.sec.gov/Archives/edgar/data/1048911/000156459018016877/0001564590-18-016877-index.htm,https://www.sec.gov/Archives/edgar/data/1048911/000156459018016877/fdx-10k_20180531.htm
2018-02-28,FDX,2018-03-21,2018-03-21 14:35:33,Q3,16526000000,914000000,15612000000,0.9446932106982936,0.0,5981000000,0.0,2283000000,8264000000,15525000000,0.0,786000000,1787000000,0.108132639477,1001000000,0.0605712211061,-127000000,874000000,0.0528863608859,-1200000000,2074000000,0.125499213361,7.73,7.6,268000000,272000000,https://www.sec.gov/Archives/edgar/data/1048911/000156459018006410/0001564590-18-006410-index.htm,https://www.sec.gov/Archives/edgar/data/1048911/000156459018006410/fdx-10q_20180228.htm
2017-11-30,FDX,2017-12-20,2017-12-20 16:17:05,Q2,16313000000,818000000,15495000000,0.9498559431128548,0.0,5742000000,0.0,2271000000,8013000000,15051000000,0.0,756000000,2018000000,0.123705020536,1262000000,0.0773616134371,-123000000,1139000000,0.0698216146632,364000000,775000000,0.0475081223564,2.9,2.84,268000000,272000000,https://www.sec.gov/Archives/edgar/data/1048911/000156459017025136/0001564590-17-025136-index.htm,https://www.sec.gov/Archives/edgar/data/1048911/000156459017025136/fdx-10q_20171130.htm
2017-08-31,FDX,2017-09-20,2017-09-20 16:22:02,Q1,15297000000,703000000,14594000000,0.9540432764594365,0.0,5518000000,0.0,2156000000,7674000000,14180000000,0.0,751000000,1868000000,0.122115447473,1117000000,0.0730208537622,-135000000,982000000,0.0641955939073,386000000,596000000,0.0389618879519,2.22,2.19,268000000,272000000,https://www.sec.gov/Archives/edgar/data/1048911/000156459017018835/0001564590-17-018835-index.htm,https://www.sec.gov/Archives/edgar/data/1048911/000156459017018835/fdx-10q_20170831.htm
2017-05-31,FDX,2017-07-17,2017-07-17 08:46:15,FY,15728000000,730000000,14998000000,0.953585961342828,0.0,5483000000,0.0,2674000000,8157000000,14147000000,512000000,754000000,2335000000,0.148461342828,1581000000,0.100521363174,-121000000,1460000000,0.0928280773143,440000000,1020000000,0.0648524923703,3.81,3.76,266000000,270000000,https://www.sec.gov/Archives/edgar/data/1048911/000095012317006152/0000950123-17-006152-index.htm,https://www.sec.gov/Archives/edgar/data/1048911/000095012317006152/fdx-10k_20170531.htm
2017-02-28,FDX,2017-03-22,2017-03-22 17:08:19,Q3,14997000000,735000000,14262000000,0.9509901980396079,0.0,5395000000,0.0,13210000000,13210000000,13972000000,0.0,762000000,1787000000,0.119157164766,1025000000,0.0683470027339,-126000000,899000000,0.0599453223978,337000000,562000000,0.037474161499,2.11,2.07,266000000,270000000,https://www.sec.gov/Archives/edgar/data/1048911/000156459017005037/0001564590-17-005037-index.htm,https://www.sec.gov/Archives/edgar/data/1048911/000156459017005037/fdx-10q_20170228.htm
2016-11-30,FDX,2016-12-21,2016-12-21 16:39:39,Q2,14931000000,658000000,14273000000,0.9559306141584623,0.0,5353000000,0.0,8411000000,13764000000,13764000000,0.0,740000000,1907000000,0.12772084924,1167000000,0.0781595338557,-89000000,1078000000,0.0721987810595,378000000,700000000,0.0468823253633,2.63,2.59,266000000,270000000,https://www.sec.gov/Archives/edgar/data/1048911/000119312516800543/0001193125-16-800543-index.htm,https://www.sec.gov/Archives/edgar/data/1048911/000119312516800543/d262623d10q.htm
2016-08-31,FDX,2016-09-21,2016-09-21 16:56:07,Q1,14663000000,650000000,14013000000,0.9556707358657847,0.0,5311000000,0.0,8088000000,13399000000,13399000000,0.0,739000000,2003000000,0.136602332401,1264000000,0.0862033690241,-122000000,1142000000,0.0778831071404,427000000,715000000,0.0487621905476,2.69,2.65,265000000,269000000,https://www.sec.gov/Archives/edgar/data/1048911/000119312516716033/0001193125-16-716033-index.htm,https://www.sec.gov/Archives/edgar/data/1048911/000119312516716033/d237124d10q.htm
2016-05-31,FDX,2016-07-18,2016-07-18 16:29:51,FY,12979000000,535000000,12444000000,0.9587795669928346,0.0,4774000000,0.0,8273000000,13047000000,13047000000,336000000,667000000,599000000,0.0461514754604,-68000000,-0.005239232606518222,-113000000,-181000000,-0.013945604437938209,-111000000,-70000000,-0.005393327683180522,-0.2,-0.2,276000000,279000000,https://www.sec.gov/Archives/edgar/data/1048911/000119312516650267/0001193125-16-650267-index.htm,https://www.sec.gov/Archives/edgar/data/1048911/000119312516650267/d207174d10k.htm
2016-02-29,FDX,2016-03-17,2016-03-17 14:53:47,Q3,12654000000,537000000,12117000000,0.9575628259838787,0.0,4712000000,0.0,7078000000,11790000000,11790000000,0.0,663000000,1527000000,0.120673304884,864000000,0.0682788051209,-82000000,782000000,0.061798640746,275000000,507000000,0.0400663821716,1.87,1.85,278000000,281000000,https://www.sec.gov/Archives/edgar/data/1048911/000119312516508426/0001193125-16-508426-index.htm,https://www.sec.gov/Archives/edgar/data/1048911/000119312516508426/d307845d10q.htm
2015-11-30,FDX,2015-12-17,2015-12-17 16:27:49,Q2,12453000000,615000000,11838000000,0.9506143098048663,0.0,4570000000,0.0,6746000000,11316000000,11316000000,0.0,653000000,1790000000,0.143740464145,1137000000,0.0913033004095,-82000000,1055000000,0.0847185417169,364000000,691000000,0.0554886372762,2.47,2.44,281000000,284000000,https://www.sec.gov/Archives/edgar/data/1048911/000119312515406264/0001193125-15-406264-index.htm,https://www.sec.gov/Archives/edgar/data/1048911/000119312515406264/d102741d10q.htm
2015-08-31,FDX,2015-09-17,2015-09-17 17:10:31,Q1,12279000000,712000000,11567000000,0.9420148220539132,0.0,4525000000,0.0,6610000000,11135000000,11135000000,0.0,648000000,1792000000,0.145940223145,1144000000,0.0931671960257,-60000000,1084000000,0.0882808046258,392000000,692000000,0.0563563808128,2.45,2.42,282000000,286000000,https://www.sec.gov/Archives/edgar/data/1048911/000119312515322538/0001193125-15-322538-index.htm,https://www.sec.gov/Archives/edgar/data/1048911/000119312515322538/d83643d10q.htm
2015-05-31,FDX,2015-07-14,2015-07-14 17:22:58,FY,12114000000,738000000,11376000000,0.9390787518573551,0.0,4206000000,0.0,9003000000,13209000000,13209000000,235000000,657000000,-438000000,-0.03615651312530956,-1095000000,-0.0903912828132739,-95000000,-1190000000,-0.09823344890209675,-438000000,-752000000,-0.06207693577678719,-2.64,-2.6,283000000,287000000,https://www.sec.gov/Archives/edgar/data/1048911/000119312515252494/0001193125-15-252494-index.htm,https://www.sec.gov/Archives/edgar/data/1048911/000119312515252494/d48165d10k.htm
2015-02-28,FDX,2015-03-19,2015-03-19 15:41:08,Q3,11716000000,810000000,10906000000,0.9308637760327757,0.0,4411000000,0.0,6343000000,10754000000,10754000000,0.0,652000000,1614000000,0.137760327757,962000000,0.0821099351314,-53000000,909000000,0.0775862068966,329000000,580000000,0.049504950495,2.04,2.01,284000000,288000000,https://www.sec.gov/Archives/edgar/data/1048911/000119312515098477/0001193125-15-098477-index.htm,https://www.sec.gov/Archives/edgar/data/1048911/000119312515098477/d890836d10q.htm
2014-11-30,FDX,2014-12-18,2014-12-18 14:19:34,Q2,11939000000,1052000000,10887000000,0.9118854175391574,0.0,4304000000,0.0,6622000000,10926000000,10926000000,0.0,651000000,1664000000,0.139375157048,1013000000,0.0848479772175,-42000000,971000000,0.0813300946478,355000000,616000000,0.0515956110227,2.17,2.14,284000000,288000000,https://www.sec.gov/Archives/edgar/data/1048911/000119312514446673/0001193125-14-446673-index.htm,https://www.sec.gov/Archives/edgar/data/1048911/000119312514446673/d837996d10q.htm
2014-08-31,FDX,2014-09-18,2014-09-18 15:32:04,Q1,11684000000,1120000000,10564000000,0.9041424169804861,0.0,4189000000,0.0,6508000000,10697000000,10697000000,0.0,651000000,1638000000,0.140191715166,987000000,0.0844744950359,-50000000,937000000,0.0801951386511,331000000,606000000,0.0518657993838,2.13,2.1,285000000,289000000,https://www.sec.gov/Archives/edgar/data/1048911/000119312514345549/0001193125-14-345549-index.htm,https://www.sec.gov/Archives/edgar/data/1048911/000119312514345549/d790248d10q.htm
2014-05-31,FDX,2014-07-14,2014-07-14 17:06:58,FY,11839000000,1154000000,10685000000,0.9025255511445224,0.0,4163000000,0.0,6493000000,10656000000,10656000000,160000000,649000000,1832000000,0.154742799223,1183000000,0.0999239800659,-46000000,1137000000,0.0960385167666,407000000,730000000,0.0616606132275,2.44,2.41,307000000,310000000,https://www.sec.gov/Archives/edgar/data/1048911/000119312514267851/0001193125-14-267851-index.htm,https://www.sec.gov/Archives/edgar/data/1048911/000119312514267851/d752614d10k.htm
2014-02-28,FDX,2014-03-20,2014-03-20 15:33:08,Q3,11301000000,1163000000,10138000000,0.8970887532076808,0.0,4167000000,0.0,6493000000,10660000000,10660000000,0.0,652000000,1293000000,0.11441465357,641000000,0.0567206441908,-47000000,594000000,0.0525617202018,216000000,378000000,0.0334483674011,1.25,1.24,312000000,315000000,https://www.sec.gov/Archives/edgar/data/1048911/000119312514107986/0001193125-14-107986-index.htm,https://www.sec.gov/Archives/edgar/data/1048911/000119312514107986/d693794d10q.htm
2013-11-30,FDX,2013-12-19,2013-12-19 13:21:23,Q2,11403000000,1136000000,10267000000,0.9003770937472595,0.0,4148000000,0.0,6428000000,10576000000,10576000000,0.0,647000000,1474000000,0.129264228712,827000000,0.0725247741822,-35000000,792000000,0.069455406472,292000000,500000000,0.0438481101465,1.59,1.57,316000000,319000000,https://www.sec.gov/Archives/edgar/data/1048911/000119312513478795/0001193125-13-478795-index.htm,https://www.sec.gov/Archives/edgar/data/1048911/000119312513478795/d643060d10q.htm
2013-08-31,FDX,2013-09-19,2013-09-19 17:25:31,Q1,11024000000,1104000000,9920000000,0.8998548621190131,0.0,4077000000,0.0,6152000000,10229000000,10229000000,0.0,639000000,1434000000,0.130079825835,795000000,0.0721153846154,-29000000,766000000,0.0694847605225,277000000,489000000,0.0443577648766,1.54,1.53,316000000,319000000,https://www.sec.gov/Archives/edgar/data/1048911/000119312513371921/0001193125-13-371921-index.htm,https://www.sec.gov/Archives/edgar/data/1048911/000119312513371921/d598328d10q.htm
2013-05-31,FDX,2013-07-15,2013-07-15 17:29:55,FY,11435000000,1158000000,10277000000,0.8987319632706603,0.0,4192000000,0.0,6741000000,10933000000,10933000000,82000000,622000000,1124000000,0.0982947092261,502000000,0.0439003060778,-30000000,472000000,0.0412767818102,169000000,303000000,0.0264975951028,0.96,0.94,315000000,317000000,https://www.sec.gov/Archives/edgar/data/1048911/000119312513290858/0001193125-13-290858-index.htm,https://www.sec.gov/Archives/edgar/data/1048911/000119312513290858/d563720d10k.htm
2013-02-28,FDX,2013-03-21,2013-03-21 16:50:08,Q3,10953000000,1215000000,9738000000,0.8890714872637634,0.0,4142000000,0.0,6222000000,10364000000,10364000000,0.0,599000000,1188000000,0.108463434675,589000000,0.0537752214005,-25000000,564000000,0.0514927417146,203000000,361000000,0.0329590066648,1.14,1.13,314000000,316000000,https://www.sec.gov/Archives/edgar/data/1048911/000119312513119611/0001193125-13-119611-index.htm,https://www.sec.gov/Archives/edgar/data/1048911/000119312513119611/d503475d10q.htm
2012-11-30,FDX,2012-12-20,2012-12-20 16:37:07,Q2,11107000000,1235000000,9872000000,0.8888088592779329,0.0,4133000000,0.0,6256000000,10389000000,10389000000,0.0,592000000,1310000000,0.117943639146,718000000,0.0646439182498,-26000000,692000000,0.0623030521293,254000000,438000000,0.0394345907986,1.39,1.39,314000000,316000000,https://www.sec.gov/Archives/edgar/data/1048911/000119312512510418/0001193125-12-510418-index.htm,https://www.sec.gov/Archives/edgar/data/1048911/000119312512510418/d456372d10q.htm
2012-08-31,FDX,2012-09-19,2012-09-19 16:10:18,Q1,10792000000,1138000000,9654000000,0.8945515196441809,0.0,4103000000,0.0,5947000000,10050000000,10050000000,0.0,573000000,1315000000,0.121849518162,742000000,0.0687546330615,-15000000,727000000,0.0673647146034,268000000,459000000,0.0425315048184,1.46,1.45,315000000,316000000,https://www.sec.gov/Archives/edgar/data/1048911/000119312512396818/0001193125-12-396818-index.htm,https://www.sec.gov/Archives/edgar/data/1048911/000119312512396818/d412877d10q.htm
2012-05-31,FDX,2012-07-16,2012-07-16 17:07:39,FY,11008000000,10152000000,856000000,0.07776162790697674,0.0,4092000000,0.0,21616000000,4092000000,14244000000,-52000000,543000000,1399000000,0.127089389535,856000000,0.077761627907,-8000000.0,848000000,0.0770348837209,298000000,550000000,0.0499636627907,1.75,1.74,315000000,317000000,https://www.sec.gov/Archives/edgar/data/1048911/000119312512303558/0001193125-12-303558-index.htm,https://www.sec.gov/Archives/edgar/data/1048911/000119312512303558/d375407d10k.htm
2012-02-29,FDX,2012-03-23,2012-03-23 16:27:10,Q3,10564000000,9751000000,813000000,0.0769594850435441,0.0,4021000000,0.0,-2799000000,4021000000,13772000000,0.0,543000000,1356000000,0.128360469519,813000000,0.0769594850435,-21000000,792000000,0.074971601666,271000000,521000000,0.0493184399849,1.65,1.65,315000000,317000000,https://www.sec.gov/Archives/edgar/data/1048911/000119312512129775/0001193125-12-129775-index.htm,https://www.sec.gov/Archives/edgar/data/1048911/000119312512129775/d319202d10q.htm
2011-11-30,FDX,2011-12-16,2011-12-16 14:42:55,Q2,10587000000,9807000000,780000000,0.07367526211391329,0.0,3982000000,0.0,9289000000,3982000000,13789000000,0.0,518000000,1298000000,0.122603192595,780000000,0.0736752621139,-3000000.0,777000000,0.0733918957212,280000000,497000000,0.0469443657316,1.58,1.56,316000000,317000000,https://www.sec.gov/Archives/edgar/data/1048911/000095012311103276/0000950123-11-103276-index.htm,https://www.sec.gov/Archives/edgar/data/1048911/000095012311103276/c25848e10vq.htm
2011-08-31,FDX,2011-09-23,2011-09-23 14:32:24,Q1,10521000000,9784000000,737000000,0.070050375439597,0.0,4004000000,0.0,9275000000,4004000000,13788000000,0.0,509000000,1246000000,0.118429807053,737000000,0.0700503754396,-13000000,724000000,0.0688147514495,260000000,464000000,0.0441022716472,1.46,1.46,316000000,318000000,https://www.sec.gov/Archives/edgar/data/1048911/000095012311086374/0000950123-11-086374-index.htm,https://www.sec.gov/Archives/edgar/data/1048911/000095012311086374/c22610e10vq.htm
2011-05-31,FDX,2011-07-12,2011-07-12 17:20:39,FY,10552000000,9664000000,888000000,0.0841546626231994,0.0,3866000000,0.0,9165000000,3866000000,13530000000,-86000000,499000000,1387000000,0.131444275967,888000000,0.0841546626232,-23000000,865000000,0.0819749810462,307000000,558000000,0.0528809704321,1.77,1.75,315000000,317000000,https://www.sec.gov/Archives/edgar/data/1048911/000095012311065246/0000950123-11-065246-index.htm,https://www.sec.gov/Archives/edgar/data/1048911/000095012311065246/c19556e10vk.htm
2011-02-28,FDX,2011-03-18,2011-03-18 12:37:13,Q3,28752000000,27262000000,1490000000,0.05182248191430162,0.0,11410000000,0.0,8777000000,11410000000,38672000000,0.0,1474000000,2964000000,0.103088480801,1490000000,0.0518224819143,-90000000,1400000000,0.0486922648859,506000000,894000000,0.0310934891486,2.84,2.82,314000000,316000000,https://www.sec.gov/Archives/edgar/data/1048911/000095012311026716/0000950123-11-026716-index.htm,https://www.sec.gov/Archives/edgar/data/1048911/000095012311026716/c14167e10vq.htm
2010-11-30,FDX,2010-12-17,2010-12-17 12:54:55,Q2,9632000000,938000000,8694000000,0.9026162790697675,0.0,0.0,0.0,8661000000,8661000000,9599000000,0.0,502000000,971000000,0.10080980066445183,469000000,0.04869186046511628,0.0,437000000,0.04536960132890366,154000000,283000000,0.0293812292358804,0.0,0.0,314049586,316666666,https://www.sec.gov/Archives/edgar/data/1048911/000095012310114520/0000950123-10-114520-index.htm,https://www.sec.gov/Archives/edgar/data/1048911/000095012310114520/c09683e10vq.htm
2010-08-31,FDX,2010-09-17,2010-09-17 16:38:24,Q1,9457000000,887000000,8570000000,0.9062070424024532,0.0,0.0,0.0,8350000000,8350000000,9237000000,0.0,479000000,1107000000,0.11705614888442424,628000000,0.06640583694617744,0.0,603000000,0.06376229248175955,223000000,380000000,0.04018187585915195,0.0,0.0,0.0,0.0,https://www.sec.gov/Archives/edgar/data/1048911/000095012310087127/0000950123-10-087127-index.htm,https://www.sec.gov/Archives/edgar/data/1048911/000095012310087127/c05945e10vq.htm
2010-05-31,FDX,2010-07-15,2010-07-15 15:33:17,FY,9428000000,886000000,8542000000,0.9060246075519729,0.0,0.0,0.0,8244000000,8244000000,9130000000,0.0,488000000,1080000000,0.11455239711497667,592000000,0.06279168434450573,0.0,672000000,0.07127704709376326,253000000,419000000,0.044442087399236316,0.0,0.0,313524590,314814814,https://www.sec.gov/Archives/edgar/data/1048911/000095012310065730/0000950123-10-065730-index.htm,https://www.sec.gov/Archives/edgar/data/1048911/000095012310065730/c03116e10vk.htm
2010-02-28,FDX,2010-03-19,2010-03-19 12:35:41,Q,8701000000,810000000,7891000000,0.9069072520399954,0.0,-11052000,0.0,7797000000,7797000000,8607000000,-6322000.0,488000000,904000000,0.289853372434,416000000,0.242580645161,0.0,381000000,0.242580645161,142000000,239000000,0.192258064516,-0.38,-0.38,313095238,313095238,https://www.sec.gov/Archives/edgar/data/1048911/000095012310026283/0000950123-10-026283-index.htm,https://www.sec.gov/Archives/edgar/data/1048911/000095012310026283/c97913e10vq.htm
2009-11-30,FDX,2009-12-18,2009-12-18 12:33:17,Q2,8596000000,744000000,7852000000,0.9134481154025128,0.0,0.0,0.0,7538000000,7538000000,8282000000,0.0,487000000,1058000000,0.12308050255932992,571000000,0.06642624476500698,0.0,547000000,0.06363424848766869,202000000,345000000,0.040134946486738016,1.68,1.68,313095238,313095238,https://www.sec.gov/Archives/edgar/data/1048911/000095012309071812/0000950123-09-071812-index.htm,https://www.sec.gov/Archives/edgar/data/1048911/000095012309071812/c93697e10vq.htm
2009-08-31,FDX,2009-09-18,2009-09-18 12:11:08,Q1,8009000000,666000000,7343000000,0.9168435510051193,0.0,0.0,0.0,7199000000,7199000000,7865000000,0.0,495000000,810000000,0.10113622175053065,315000000,0.03933075290298414,0.0,294000000,0.03670870270945187,113000000,181000000,0.022599575477587713,0.58,0.58,312068965,312068965,https://www.sec.gov/Archives/edgar/data/1048911/000095012309044076/0000950123-09-044076-index.htm,https://www.sec.gov/Archives/edgar/data/1048911/000095012309044076/c90231e10vq.htm
2009-05-31,FDX,2009-07-15,2009-07-15 15:08:15,FY,7852000000,541000000,7311000000,0.9311003565970454,0.0,0.0,0.0,8205000000,8205000000,8746000000,85000000,496000000,-353000000,-0.044956698930208865,-849000000,-0.10812531839021905,0.0,-874000000,-0.11130922058074376,2000000.0,-876000000,-0.11156393275598574,0.31,0.31,316129032,316129032,https://www.sec.gov/Archives/edgar/data/1048911/000095012309022417/0000950123-09-022417-index.htm,https://www.sec.gov/Archives/edgar/data/1048911/000095012309022417/c87681e10vk.htm
2009-02-28,FDX,2009-03-20,2009-03-20 12:47:56,Q3,8137000000,636000000,7501000000,0.9218385154233747,0.0,0.0,0.0,7459000000,7459000000,8095000000,0.0,496000000,678000000,0.08332309204866659,182000000,0.022366965712178936,0.0,159000000,0.019540371144156323,62000000,97000000,0.011920855352095366,3.13,3.12,311182108,312179487,https://www.sec.gov/Archives/edgar/data/1048911/000136231009004117/0001362310-09-004117-index.htm,https://www.sec.gov/Archives/edgar/data/1048911/000136231009004117/c82744e10vq.htm
2008-11-30,FDX,2008-12-19,2008-12-19 13:38:54,Q2,9538000000,1035000000,8503000000,0.891486684839589,0.0,0.0,0.0,8263000000,8263000000,9298000000,0.0,491000000,1275000000,0.13367582302369468,784000000,0.08219752568672678,0.0,774000000,0.08114908785908996,281000000,493000000,0.05168798490249528,2.82,2.81,310992907,312099644,https://www.sec.gov/Archives/edgar/data/1048911/000136231008008386/0001362310-08-008386-index.htm,https://www.sec.gov/Archives/edgar/data/1048911/000136231008008386/c78389e10vq.htm
2008-08-31,FDX,2008-09-19,2008-09-19 15:58:20,Q1,9970000000,1599000000,8371000000,0.8396188565697091,0.0,0.0,0.0,8848000000,8848000000,10447000000,0.0,492000000,1122000000,0.11253761283851554,630000000,0.06318956870611836,0.0,618000000,0.061985957873620864,234000000,384000000,0.03851554663991976,1.24,1.23,309677419,312195121,https://www.sec.gov/Archives/edgar/data/1048911/000136231008005260/0001362310-08-005260-index.htm,https://www.sec.gov/Archives/edgar/data/1048911/000136231008005260/c75318e10vq.htm
2008-05-31,FDX,2008-07-16,2008-07-16 16:15:58,FY,9866000000,1392000000,8474000000,0.8589093857693088,0.0,0.0,0.0,9530000000,9530000000,10922000000,98000000,499000000,336000000,0.03405635515913237,-163000000,-0.016521386580174335,0.0,-167000000,-0.016926819379687815,74000000,-241000000,-0.02442732617068721,3.64,3.64,309065934,309065934,https://www.sec.gov/Archives/edgar/data/1048911/000136231008003669/0001362310-08-003669-index.htm,https://www.sec.gov/Archives/edgar/data/1048911/000136231008003669/c73820e10vk.htm
2008-02-29,FDX,2008-03-20,2008-03-20 15:42:31,Q3,9437000000,1180000000,8257000000,0.8749602627953799,0.0,0.0,0.0,8304000000,8304000000,9484000000,0.0,492000000,1133000000,0.1200593408922327,641000000,0.06792412843064534,0.0,628000000,0.06654657200381477,235000000,393000000,0.04164459044187772,4.42,4.37,309049773,312585812,https://www.sec.gov/Archives/edgar/data/1048911/000136231008001542/0001362310-08-001542-index.htm,https://www.sec.gov/Archives/edgar/data/1048911/000136231008001542/c72729e10vq.htm
2007-11-30,FDX,2007-12-21,2007-12-21 17:15:15,Q2,9451000000,1060000000,8391000000,0.887842556343244,0.0,0.0,0.0,8186000000,8186000000,9246000000,0.0,482000000,1265000000,0.13384827002433605,783000000,0.08284837583324516,0.0,768000000,0.08126124219659295,289000000,479000000,0.05068246746376045,3.15,3.12,308888888,311858974,https://www.sec.gov/Archives/edgar/data/1048911/000136231007003512/0001362310-07-003512-index.htm,https://www.sec.gov/Archives/edgar/data/1048911/000136231007003512/c71797e10vq.htm
2007-08-31,FDX,2007-09-21,2007-09-21 16:39:25,Q1,9199000000,964000000,8235000000,0.8952060006522448,0.0,0.0,0.0,7912000000,7912000000,8876000000,0.0,473000000,1287000000,0.13990651157734538,814000000,0.08848787911729536,0.0,787000000,0.0855527774758126,293000000,494000000,0.05370148929231438,1.6,1.58,308750000,312658227,https://www.sec.gov/Archives/edgar/data/1048911/000136231007002282/0001362310-07-002282-index.htm,https://www.sec.gov/Archives/edgar/data/1048911/000136231007002282/c71229e10vq.htm
2007-05-31,FDX,2007-07-13,2007-07-12 20:37:01,FY,9151000000,903000000,8248000000,0.9013222598623102,0.0,0.0,0.0,7675000000,7675000000,8578000000,136000000,464000000,1476000000,0.16129384766692165,1012000000,0.11058900666593816,0.0,993000000,0.10851273084908754,383000000,610000000,0.06665938148836192,6.57,6.57,306849315,306849315,https://www.sec.gov/Archives/edgar/data/1048911/000095014407006556/0000950144-07-006556-index.htm,https://www.sec.gov/Archives/edgar/data/1048911/000095014407006556/g08210e10vk.htm
2007-02-28,FDX,2007-03-23,2007-03-23 13:48:11,Q3,8592000000,829000000,7763000000,0.9035148975791434,0.0,0.0,0.0,7502000000,7502000000,8331000000,0.0,449000000,1090000000,0.12686219739292365,641000000,0.07460428305400373,0.0,629000000,0.07320763500931099,209000000,420000000,0.04888268156424581,4.59,4.52,306318082,311061946,https://www.sec.gov/Archives/edgar/data/1048911/000136231007000320/0001362310-07-000320-index.htm,https://www.sec.gov/Archives/edgar/data/1048911/000136231007000320/c70281e10vq.htm
2006-11-30,FDX,2006-12-22,2006-12-22 16:40:16,Q2,8926000000,860000000,8066000000,0.9036522518485324,0.0,0.0,0.0,7657000000,7657000000,8517000000,0.0,430000000,1269000000,0.14216894465606095,839000000,0.09399507058032713,0.0,823000000,0.09220255433564867,312000000,511000000,0.057248487564418554,3.22,3.17,306211180,311041009,https://www.sec.gov/Archives/edgar/data/1048911/000136231006000431/0001362310-06-000431-index.htm,https://www.sec.gov/Archives/edgar/data/1048911/000136231006000431/c70124e10vq.htm
2006-08-31,FDX,2006-09-25,2006-09-25 17:15:26,Q1,8545000000,941000000,7604000000,0.8898771211234641,0.0,0.0,0.0,7362000000,7362000000,8303000000,0.0,399000000,1183000000,0.13844353423054417,784000000,0.09174956114686951,0.0,770000000,0.0901111761263897,295000000,475000000,0.05558806319485079,1.55,1.53,306451612,310457516,https://www.sec.gov/Archives/edgar/data/1048911/000136231006000193/0001362310-06-000193-index.htm,https://www.sec.gov/Archives/edgar/data/1048911/000136231006000193/c70018e10vq.htm
2006-05-31,FDX,2006-07-14,2006-07-14 10:14:10,FY,8494000000,863000000,7631000000,0.8983988697904403,0.0,0.0,0.0,7164000000,7164000000,8027000000,142000000,403000000,1330000000,0.1565811160819402,927000000,0.10913586060748764,0.0,907000000,0.10678125735813515,339000000,568000000,0.06687073228161054,5.94,5.94,304040404,304040404,https://www.sec.gov/Archives/edgar/data/1048911/000110465906046980/0001104659-06-046980-index.htm,https://www.sec.gov/Archives/edgar/data/1048911/000110465906046980/a06-14845_110k.htm
2006-02-28,FDX,2006-03-24,2006-03-24 15:32:32,Q3,8003000000,774000000,7229000000,0.9032862676496314,0.0,0.0,0.0,6899000000,6899000000,7673000000,0.0,391000000,1104000000,0.1379482693989754,713000000,0.08909159065350493,0.0,683000000,0.08534299637635887,255000000,428000000,0.053479945020617266,4.08,4.01,303431372,308728179,https://www.sec.gov/Archives/edgar/data/1048911/000110465906019129/0001104659-06-019129-index.htm,https://www.sec.gov/Archives/edgar/data/1048911/000110465906019129/a06-7272_110q.htm
2005-11-30,FDX,2005-12-22,2005-12-22 15:25:48,Q2,8090000000,891000000,7199000000,0.8898640296662547,0.0,0.0,0.0,6914000000,6914000000,7805000000,0.0,386000000,1176000000,0.1453646477132262,790000000,0.09765142150803462,0.0,760000000,0.09394313967861558,289000000,471000000,0.058220024721878864,2.67,2.63,303370786,307984790,https://www.sec.gov/Archives/edgar/data/1048911/000110465905062337/0001104659-05-062337-index.htm,https://www.sec.gov/Archives/edgar/data/1048911/000110465905062337/a05-22002_110q.htm
2005-08-31,FDX,2005-09-23,2005-09-23 16:01:08,Q1,7707000000,728000000,6979000000,0.9055404178019982,0.0,0.0,0.0,6753000000,6753000000,7481000000,0.0,368000000,952000000,0.12352406902815623,584000000,0.0757752692357597,0.0,549000000,0.07123394316854807,210000000,339000000,0.04398598676527832,1.12,1.1,302678571,308181818,https://www.sec.gov/Archives/edgar/data/1048911/000110465905045514/0001104659-05-045514-index.htm,https://www.sec.gov/Archives/edgar/data/1048911/000110465905045514/a05-16402_210q.htm
2005-05-31,FDX,2005-07-14,2005-07-14 17:00:17,FY,7715000000,672000000,7043000000,0.9128969539857421,0.0,0.0,0.0,6604000000,6604000000,7276000000,160000000,371000000,1111000000,0.1440051847051199,740000000,0.09591704471808166,0.0,711000000,0.09215813350615684,263000000,448000000,0.05806869734283863,4.81,4.81,301247401,301247401,https://www.sec.gov/Archives/edgar/data/1048911/000110465905032464/0001104659-05-032464-index.htm,https://www.sec.gov/Archives/edgar/data/1048911/000110465905032464/a05-11806_110k.htm
2005-02-28,FDX,2005-03-18,2005-03-18 14:32:55,Q3,7339000000,570000000,6769000000,0.9223327428805014,0.0,0.0,0.0,6419000000,6419000000,6989000000,0.0,368000000,920000000,0.12535767815778717,552000000,0.0752146068946723,0.0,514000000,0.0700367897533724,197000000,317000000,0.0431938956261071,3.33,3.26,300600600,307055214,https://www.sec.gov/Archives/edgar/data/1048911/000110465905011975/0001104659-05-011975-index.htm,https://www.sec.gov/Archives/edgar/data/1048911/000110465905011975/a05-5087_110q.htm
2004-11-30,FDX,2004-12-17,2004-12-17 17:10:22,Q2,7334000000,606000000,6728000000,0.9173711480774475,0.0,0.0,0.0,6371000000,6371000000,6977000000,0.0,363000000,963000000,0.13130624488682846,600000000,0.08181074447777474,0.0,554000000,0.07553858740114536,200000000,354000000,0.0482683392418871,2.27,2.23,301321585,306726457,https://www.sec.gov/Archives/edgar/data/1048911/000110465904040289/0001104659-04-040289-index.htm,https://www.sec.gov/Archives/edgar/data/1048911/000110465904040289/a04-14885_110q.htm
2004-08-31,FDX,2004-09-24,2004-09-24 15:37:06,Q1,6975000000,469000000,6506000000,0.9327598566308244,0.0,0.0,0.0,6036000000,6036000000,6505000000,0.0,360000000,939000000,0.13462365591397848,579000000,0.08301075268817204,0.0,534000000,0.07655913978494623,204000000,330000000,0.047311827956989246,1.1,1.08,300000000,305555555,https://www.sec.gov/Archives/edgar/data/1048911/000110465904028468/0001104659-04-028468-index.htm,https://www.sec.gov/Archives/edgar/data/1048911/000110465904028468/a04-10810_110q.htm
2004-02-29,FDX,2004-03-18,2004-03-18 15:16:19,Q3,6062000000,390000000,5672000000,0.9356647970966677,0.0,0.0,0.0,5336000000,5336000000,5726000000,0.0,340000000,712000000,0.11745298581326295,372000000,0.06136588584625536,0.0,334000000,0.05509732761464863,127000000,207000000,0.034147146156384034,1.43,1.4,297902097,304285714,https://www.sec.gov/Archives/edgar/data/1048911/000110465904007875/0001104659-04-007875-index.htm,https://www.sec.gov/Archives/edgar/data/1048911/000110465904007875/a04-3498_110q.htm
2003-11-30,FDX,2003-12-19,2003-12-19 16:47:55,Q2,5920000000,340000000,5580000000,0.9425675675675675,0.0,0.0,0.0,5118000000,5118000000,5458000000,0.0,336000000,519000000,0.08766891891891893,183000000,0.030912162162162162,0.0,146000000,0.024662162162162164,55000000,91000000,0.015371621621621622,0.73,0.72,300000000,304166666,https://www.sec.gov/Archives/edgar/data/1048911/000110465903028983/0001104659-03-028983-index.htm,https://www.sec.gov/Archives/edgar/data/1048911/000110465903028983/a03-6330_110q.htm
2003-08-31,FDX,2003-09-19,2003-09-18 18:25:08,Q1,5687000000,322000000,5365000000,0.9433796377703534,0.0,0.0,0.0,5021000000,5021000000,5343000000,0.0,334000000,534000000,0.09389836469140145,200000000,0.03516792685071215,0.0,196000000,0.03446456831369791,68000000,128000000,0.022507473184455777,0.43,0.42,297674418,304761904,https://www.sec.gov/Archives/edgar/data/1048911/000104746903031098/0001047469-03-031098-index.htm,https://www.sec.gov/Archives/edgar/data/1048911/000104746903031098/a2118825z10-q.htm
2003-05-31,FDX,2003-07-17,2003-07-17 17:10:08,FY,16942000000,997000000,15945000000,0.9411521662141423,0.0,0.0,0.0,14723000000,14723000000,15720000000,0.0,340000000,1542000000,0.09101640892456617,1202000000,0.07094794003069295,0.0,1101000000,0.06498642427104238,418000000,683000000,0.0403140125132806,2.79,2.79,297491039,297491039,https://www.sec.gov/Archives/edgar/data/1048911/000104746903024446/0001047469-03-024446-index.htm,https://www.sec.gov/Archives/edgar/data/1048911/000104746903024446/a2114486z10-k.htm
2003-02-28,FDX,2003-03-21,2003-03-21 15:32:27,Q3,5545000000,352000000,5193000000,0.9365193868349865,0.0,0.0,0.0,4942000000,4942000000,5294000000,0.0,1011000000,1280000000,0.2308385933273219,269000000,0.04851217312894499,0.0,237000000,0.042741208295761945,90000000,147000000,0.026510369702434627,0.49,0.49,300000000,300000000,https://www.sec.gov/Archives/edgar/data/1048911/000104746903009639/0001047469-03-009639-index.htm,https://www.sec.gov/Archives/edgar/data/1048911/000104746903009639/a2105997z10-q.htm
2002-11-30,FDX,2003-01-13,2003-01-13 17:08:17,Q2,222000000,42000000,180000000,0.8108108108108109,0.0,0.0,0.0,79000000,79000000,121000000,0.0,0.0,144000000,0.6486486486486487,144000000,0.6486486486486487,0.0,140000000,0.6306306306306306,53000000,87000000,0.3918918918918919,0.82,0.82,298780487,298780487,https://www.sec.gov/Archives/edgar/data/1048911/000104746903001173/0001047469-03-001173-index.htm,https://www.sec.gov/Archives/edgar/data/1048911/000104746903001173/a2100409z10-q.htm
2002-08-31,FDX,2002-10-11,2002-10-11 15:29:57,Q1,5445000000,294000000,5151000000,0.9460055096418732,0.0,0.0,0.0,4823000000,4823000000,5117000000,0.0,0.0,283000000,0.0519742883379247,283000000,0.0519742883379247,0.0,255000000,0.046831955922865015,97000000,158000000,0.02901744719926538,0.53,0.53,298113207,298113207,https://www.sec.gov/Archives/edgar/data/1048911/000091205702038423/0000912057-02-038423-index.htm,https://www.sec.gov/Archives/edgar/data/1048911/000091205702038423/a2090390z10-q.htm
2002-05-31,FDX,2002-07-19,2002-07-19 16:51:46,FY,15588000000,856000000,14732000000,0.9450859635617141,0.0,0.0,0.0,13481000000,13481000000,14337000000,0.0,1364000000,2448000000,0.15704387990762125,1084000000,0.0695406723120349,0.0,966000000,0.0619707467282525,361000000,590000000,0.037849627918911985,2.43,2.43,292181069,292181069,https://www.sec.gov/Archives/edgar/data/1048911/000093176302002489/0000931763-02-002489-index.htm,https://www.sec.gov/Archives/edgar/data/1048911/000093176302002489/d10k.htm
2002-02-28,FDX,2002-04-12,2002-04-12 00:00:00,Q3,5019000000,244000000,4775000000,0.9513847379956166,0.0,0.0,0.0,4441000000,4441000000,4685000000,0.0,0.0,237000000,0.04722056186491333,237000000,0.04722056186491333,0.0,194000000,0.0386531181510261,74000000,120000000,0.023909145248057383,0.4,0.4,300000000,300000000,https://www.sec.gov/Archives/edgar/data/1048911/000091205702014832/0000912057-02-014832-index.htm,https://www.sec.gov/Archives/edgar/data/1048911/000091205702014832/a2076173z10-q.htm
