date,symbol,fillingDate,acceptedDate,period,revenue,costOfRevenue,grossProfit,grossProfitRatio,researchAndDevelopmentExpenses,generalAndAdministrativeExpenses,sellingAndMarketingExpenses,otherExpenses,operatingExpenses,costAndExpenses,interestExpense,depreciationAndAmortization,ebitda,ebitdaratio,operatingIncome,operatingIncomeRatio,totalOtherIncomeExpensesNet,incomeBeforeTax,incomeBeforeTaxRatio,incomeTaxExpense,netIncome,netIncomeRatio,eps,epsdiluted,weightedAverageShsOut,weightedAverageShsOutDil,link,finalLink
2020-03-31,GE,2020-04-29,2020-04-29 06:38:37,Q1,20524000000,15696000000,4828000000,0.2352367959462093,0.0,3065000000,0.0,109000000,3065000000,20918000000,0.0,991000000,7403000000,0.3606996686805691,6412000000,0.31241473396998637,6869000000,6475000000,0.3154843110504775,-63000000,6538000000,0.31855388813096863,0.72,0.72,8742000000,8742000000,https://www.sec.gov/Archives/edgar/data/40545/000004054520000021/0000040545-20-000021-index.htm,https://www.sec.gov/Archives/edgar/data/40545/000004054520000021/ge1q202010-q.htm
2019-12-31,GE,2020-02-24,2020-02-24 16:34:07,FY,26238000000,19080000000,7158000000,0.2728104276240567,0.0,3829000000,0.0,121000000,3829000000,25719000000,0.0,1406000000,2250000000,0.08575348730848388,844000000,0.032167085905937955,1052000000,1571000000,0.05987499047183474,-727000000,2298000000,0.08758289503773153,-0.01,-0.01,8724000000,8724000000,https://www.sec.gov/Archives/edgar/data/40545/000004054520000009/0000040545-20-000009-index.htm,https://www.sec.gov/Archives/edgar/data/40545/000004054520000009/ge10-k2019.htm
2019-09-30,GE,2019-10-30,2019-10-30 06:23:20,Q3,12859000000,8778000000,4081000000,0.31736526946107785,0.0,1790000000,0.0,89000000,1790000000,14582000000,0.0,791000000,-556000000,-0.04323819892682168,-1347000000,-0.10475153588926044,300000000,-1423000000,-0.11066179329652384,75000000,-1498000000,-0.11649428415895481,-0.005977,-0.005977,8721000000,8721000000,https://www.sec.gov/Archives/edgar/data/40545/000004054519000069/0000040545-19-000069-index.htm,https://www.sec.gov/Archives/edgar/data/40545/000004054519000069/ge3q201910-q.htm
2019-06-30,GE,2019-07-31,2019-07-31 06:12:38,Q2,28831000000,21817000000,7014000000,0.24327980298983734,0.0,4184000000,0.0,167000000,4184000000,29097000000,0.0,1686000000,1559000000,0.05407374007145087,-127000000,-0.004404980749887274,-8000000.0,-274000000,-0.009503659255662308,148000000,-422000000,-0.01463702264923173,3.488,3.488,8724000000,8724000000,https://www.sec.gov/Archives/edgar/data/40545/000004054519000053/0000040545-19-000053-index.htm,https://www.sec.gov/Archives/edgar/data/40545/000004054519000053/ge2q201910-q.htm
2019-03-31,GE,2019-04-30,2019-04-30 06:08:24,Q1,27286000000,20353000000,6933000000,0.2540863446456058,0.0,4146000000,0.0,81000000,4146000000,26889000000,0.0,1712000000,2765000000,0.10133401744484351,1053000000,0.03859121894011581,878000000,1275000000,0.046727259400425124,-222000000,1497000000,0.05486329986073444,3.549,3.549,8711000000,8711000000,https://www.sec.gov/Archives/edgar/data/40545/000004054519000024/0000040545-19-000024-index.htm,https://www.sec.gov/Archives/edgar/data/40545/000004054519000024/ge1q201910-q.htm
2018-12-31,GE,2019-02-26,2019-02-26 16:36:51,FY,33278000000,25876000000,7402000000,0.22242923252599314,0.0,4564000000,0.0,178000000,4564000000,33404000000,0.0,1876000000,2829000000,0.08501111845663802,953000000,0.028637538313600577,984000000,858000000,0.025782799447082158,94000000,764000000,0.022958110463369194,-0.022802,-0.022802,8691000000,8691000000,https://www.sec.gov/Archives/edgar/data/40545/000004054519000014/0000040545-19-000014-index.htm,https://www.sec.gov/Archives/edgar/data/40545/000004054519000014/ge10-k2018.htm
2018-09-30,GE,2018-10-30,2018-10-30 07:34:30,Q3,29573000000,22846000000,6727000000,0.2274710039563115,0.0,4855000000,0.0,98000000,4855000000,52515000000,0.0,2482000000,-20417000000,-0.690393264126061,-22899000000,-0.7743211713387211,206000000,-22736000000,-0.7688093869407906,-162000000,-22574000000,-0.7633314171710682,-0.023376,-0.023376,8690537303,8690537303,https://www.sec.gov/Archives/edgar/data/40545/000004054518000081/0000040545-18-000081-index.htm,https://www.sec.gov/Archives/edgar/data/40545/000004054518000081/ge3q201810-q.htm
2018-06-30,GE,2018-07-27,2018-07-27 17:02:42,Q2,30104000000,22423000000,7681000000,0.2551488174328993,0.0,4488000000,0.0,67000000,4488000000,29636000000,0.0,1953000000,2742000000,0.09108424129683763,789000000,0.02620914164230667,864000000,1331000000,0.04421339356896094,-542000000,1873000000,0.062217645495615204,-0.568,-0.568,8977112676,8977112676,https://www.sec.gov/Archives/edgar/data/40545/000004054518000061/0000040545-18-000061-index.htm,https://www.sec.gov/Archives/edgar/data/40545/000004054518000061/ge2q201810-q.htm
2018-03-31,GE,2018-05-01,2018-05-01 16:18:23,Q1,28660000000,21526000000,7134000000,0.24891835310537333,0.0,4204000000,0.0,121000000,4204000000,28453000000,0.0,1913000000,2353000000,0.08210048848569435,440000000,0.015352407536636426,205000000,413000000,0.01441032798325192,27000000,386000000,0.013468248429867411,-0.001184,-0.001184,8013513513,8013513513,https://www.sec.gov/Archives/edgar/data/40545/000004054518000032/0000040545-18-000032-index.htm,https://www.sec.gov/Archives/edgar/data/40545/000004054518000032/ge1q201810-q.htm
2017-12-31,GE,2018-02-23,2018-02-23 16:52:20,FY,31401000000,25688000000,5713000000,0.18193688099105124,0.0,4631000000,0.0,2101000000,4631000000,44004000000,0.0,1424000000,-8439000000,-0.26874940288525845,-9863000000,-0.3140982771249323,-986000000,-12603000000,-0.40135664469284416,2740000000,-15343000000,-0.48861501226075604,-0.006222,-0.006222,8641667000,8641667000,https://www.sec.gov/Archives/edgar/data/40545/000004054518000014/0000040545-18-000014-index.htm,https://www.sec.gov/Archives/edgar/data/40545/000004054518000014/ge10-k2017.htm
2017-09-30,GE,2017-10-30,2017-10-30 16:28:38,Q3,33472000000,24093000000,9379000000,0.2802043499043977,0.0,4856000000,0.0,1208000000,4856000000,32007000000,0.0,1397000000,3197000000,0.0955126673040153,1800000000,0.053776290630975145,2146000000,1466000000,0.04379780114722753,334000000,1132000000,0.03381931166347992,3.604,3.604,9736403990,9736403990,https://www.sec.gov/Archives/edgar/data/40545/000004054517000073/0000040545-17-000073-index.htm,https://www.sec.gov/Archives/edgar/data/40545/000004054517000073/ge3q201710-q.htm
2017-06-30,GE,2017-07-28,2017-07-28 16:58:30,Q2,29559000000,21794000000,7765000000,0.26269494908488106,0.0,4287000000,0.0,133000000,4287000000,28043000000,0.0,1125000000,2624000000,0.08877160932372544,1499000000,0.050712135051930035,297000000,1514000000,0.05121959470888731,-15000000,1529000000,0.051727054365844585,1.804,1.804,1317627494,1317627494,https://www.sec.gov/Archives/edgar/data/40545/000004054517000053/0000040545-17-000053-index.htm,https://www.sec.gov/Archives/edgar/data/40545/000004054517000053/ge2q201710-q.htm
2017-03-31,GE,2017-05-05,2017-05-05 17:29:10,Q1,27660000000,20359000000,7301000000,0.26395516992046275,0.0,4506000000,0.0,190000000,4506000000,26829000000,0.0,1193000000,2009000000,0.07263195950831526,816000000,0.02950108459869848,168000000,832000000,0.030079537237888646,-16000000,848000000,0.030657989877078816,0.619,0.619,1369951534,1369951534,https://www.sec.gov/Archives/edgar/data/40545/000004054517000028/0000040545-17-000028-index.htm,https://www.sec.gov/Archives/edgar/data/40545/000004054517000028/ge10q1q2017.htm
2016-12-31,GE,2017-02-24,2017-02-24 17:21:03,FY,33089000000,23773000000,9316000000,0.2815437154341322,0.0,4544000000,0.0,181000000,4544000000,30196000000,0.0,1356000000,5015000000,0.15156094170268064,3659000000,0.11058055547160688,620000000,2893000000,0.08743086826437789,766000000,2127000000,0.0642811810571489,8.176,8.176,1047700587,1047700587,https://www.sec.gov/Archives/edgar/data/40545/000004054517000010/0000040545-17-000010-index.htm,https://www.sec.gov/Archives/edgar/data/40545/000004054517000010/ge10k2016.htm
2016-09-30,GE,2016-11-02,2016-11-02 16:28:18,Q3,29265000000,20966000000,8299000000,0.2835810695369896,0.0,4342000000,0.0,239000000,4342000000,27191000000,0.0,1136000000,3248000000,0.11098581923799761,2112000000,0.07216811891337775,227000000,2074000000,0.07086963950111054,38000000,2036000000,0.06957116008884333,4.689,4.689,1373213904,1373213904,https://www.sec.gov/Archives/edgar/data/40545/000004054516000195/0000040545-16-000195-index.htm,https://www.sec.gov/Archives/edgar/data/40545/000004054516000195/ge10q3q16.htm
2016-06-30,GE,2016-08-01,2016-08-01 16:52:19,Q2,33494000000,22383000000,11111000000,0.33173105630859256,0.0,4883000000,0.0,303000000,4883000000,29670000000,0.0,1295000000,4640000000,0.13853227443721264,3345000000,0.09986863318803368,3149000000,3825000000,0.11419955812981429,-479000000,4304000000,0.12850062697796621,2.639,2.639,1668435013,1668435013,https://www.sec.gov/Archives/edgar/data/40545/000004054516000174/0000040545-16-000174-index.htm,https://www.sec.gov/Archives/edgar/data/40545/000004054516000174/ge10q2q16.htm
2016-03-31,GE,2016-05-04,2016-05-04 16:44:34,Q1,27845000000,20361000000,7484000000,0.26877356796552343,0.0,4608000000,0.0,259000000,4608000000,27606000000,0.0,1210000000,1588000000,0.057029987430418386,378000000,0.013575148141497576,9000000.0,238000000,0.008547315496498474,139000000,99000000,0.0035553959418207935,-0.098,-0.098,1010204081,1010204081,https://www.sec.gov/Archives/edgar/data/40545/000004054516000152/0000040545-16-000152-index.htm,https://www.sec.gov/Archives/edgar/data/40545/000004054516000152/ge10q1q2016.htm
2015-12-31,GE,2016-02-26,2016-02-26 16:06:12,FY,24655000000,25255000000,-600000000,-0.02433583451632529,0.0,17831000000,0.0,-16517000000,17831000000,22073000000,0.0,1244000000,4806000000,0.19493003447576557,3562000000,0.14447373757858448,1135000000,2582000000,0.1047252078685865,981000000,1601000000,0.06493611843439465,-0.006145,-0.006145,7469487388,7469487388,https://www.sec.gov/Archives/edgar/data/40545/000004054516000145/0000040545-16-000145-index.htm,https://www.sec.gov/Archives/edgar/data/40545/000004054516000145/ge10k2015.htm
2015-09-30,GE,2015-11-02,2015-10-30 19:58:04,Q3,31680000000,19249000000,12431000000,0.39239267676767675,0.0,0.0,0.0,6298000000,0.0,28423000000,0.0,1278000000,4170000000,0.13162878787878787,2892000000,0.09128787878787879,170000000,3257000000,0.10280934343434343,-365000000,3622000000,0.11433080808080807,-0.012427,-0.012427,1742174297,1742174297,https://www.sec.gov/Archives/edgar/data/40545/000004054515000114/0000040545-15-000114-index.htm,https://www.sec.gov/Archives/edgar/data/40545/000004054515000114/ge10q3q15.htm
2015-06-30,GE,2015-07-30,2015-07-29 21:43:35,Q2,31695000000,20023000000,11672000000,0.36825997791449755,0.0,0.0,0.0,4094000000,0.0,24400000000,0.0,-141000000,6511000000,0.20542672345795868,6652000000,0.20987537466477363,780000000,7295000000,0.23016248619656096,-643000000,7938000000,0.2504495977283483,-0.014933,-0.014933,6326926940,6326926940,https://www.sec.gov/Archives/edgar/data/40545/000004054515000088/0000040545-15-000088-index.htm,https://www.sec.gov/Archives/edgar/data/40545/000004054515000088/ge10q2q15.htm
2015-03-31,GE,2015-05-04,2015-05-04 16:07:30,Q1,29356000000,18166000000,11190000000,0.38118272244174956,0.0,0.0,0.0,8733000000,0.0,34304000000,0.0,2466000000,-8940000000,-0.3045374029159286,-11406000000,-0.38854067311622836,142000000,-4948000000,-0.16855157378389427,-6458000000,1510000000,0.05143752554843984,-0.013573,-0.013573,1112502762,1112502762,https://www.sec.gov/Archives/edgar/data/40545/000004054515000054/0000040545-15-000054-index.htm,https://www.sec.gov/Archives/edgar/data/40545/000004054515000054/ge10q1q15.htm
2015-02-27,GE,2015-02-27,2015-02-27 16:25:56,FY,42004000000,2989000000,39015000000,0.9288401104656699,0.0,0.0,0.0,8810000000,0.0,35925000000,0.0,0.0,5479000000,0.13043995809922865,5479000000,0.13043995809922865,-14000000,6079000000,0.14472431197028854,-600000000,6679000000,0.15900866584134846,0.015233,0.015233,1247357710,1247357710,https://www.sec.gov/Archives/edgar/data/40545/000004054515000030/0000040545-15-000030-index.htm,https://www.sec.gov/Archives/edgar/data/40545/000004054515000030/ge10k2014.htm
2014-11-03,GE,2014-11-04,2014-11-03 17:32:46,Q3,36174000000,19740000000,16434000000,0.4543041963841433,0.0,0.0,0.0,8543000000,0.0,32259000000,0.0,0.0,3452000000,0.09542765522198264,3452000000,0.09542765522198264,258000000,3915000000,0.10822690330071322,-463000000,4378000000,0.1210261513794438,0.010081,0.010081,1222299375,1222299375,https://www.sec.gov/Archives/edgar/data/40545/000004054514000049/0000040545-14-000049-index.htm,https://www.sec.gov/Archives/edgar/data/40545/000004054514000049/ge3q14_10q.htm
2014-07-31,GE,2014-07-31,2014-07-31 16:42:20,Q2,36233000000,20006000000,16227000000,0.4478514061766898,0.0,0.0,0.0,8477000000,0.0,32454000000,0.0,0.0,3586000000,0.09897055170700743,3586000000,0.09897055170700743,338000000,3779000000,0.10429718764662048,-193000000,3972000000,0.10962382358623354,6.544,6.544,1213936430,1213936430,https://www.sec.gov/Archives/edgar/data/40545/000004054514000034/0000040545-14-000034-index.htm,https://www.sec.gov/Archives/edgar/data/40545/000004054514000034/geform10q2q14.htm
2014-05-09,GE,2014-05-12,2014-05-09 19:04:11,Q1,34178000000,18522000000,15656000000,0.458072444262391,0.0,0.0,0.0,8196000000,0.0,30722000000,0.0,0.0,2940000000,0.08602024694247762,2940000000,0.08602024694247762,196000000,3456000000,0.1011176780385043,-516000000,3972000000,0.11621510913453098,0.29,0.29,1369655172,1369655172,https://www.sec.gov/Archives/edgar/data/40545/000004055414000061/0000040554-14-000061-index.htm,https://www.sec.gov/Archives/edgar/data/40545/000004055414000061/geform10q1q14.htm
2013-12-31,GE,2014-02-27,2014-02-27 16:55:58,FY,40187000000,21880000000,18307000000,0.45554532560280686,0.0,0.0,0.0,9069000000,0.0,35499000000,0.0,2607000000,7778000000,0.1935451763007938,5171000000,0.1286734516137059,1026000000,4688000000,0.11665463956005674,483000000,4205000000,0.10463582750640754,0.013057,0.013057,1288734012,1288734012,https://www.sec.gov/Archives/edgar/data/40545/000004055414000023/0000040554-14-000023-index.htm,https://www.sec.gov/Archives/edgar/data/40545/000004055414000023/geform10k2013.htm
2013-09-30,GE,2013-11-01,2013-11-01 17:04:53,Q3,35725000000,19457000000,16268000000,0.45536738978306507,0.0,0.0,0.0,8705000000,0.0,32117000000,0.0,2578000000,5841000000,0.16349895031490552,3263000000,0.09133659902029391,363000000,3608000000,0.10099370188943317,-345000000,3953000000,0.11065080475857243,9.851,9.851,1281291239,1281291239,https://www.sec.gov/Archives/edgar/data/40545/000004054513000092/0000040545-13-000092-index.htm,https://www.sec.gov/Archives/edgar/data/40545/000004054513000092/geform10q3q13.htm
2013-06-30,GE,2013-07-26,2013-07-26 16:19:03,Q2,35123000000,18488000000,16635000000,0.47362127380918484,0.0,0.0,0.0,8573000000,0.0,31394000000,0.0,2267000000,5688000000,0.1619451641374598,3421000000,0.0974005637331663,104000000,3729000000,0.10616974632007517,-308000000,4037000000,0.11493892890698403,6.66,6.66,1301651651,1301651651,https://www.sec.gov/Archives/edgar/data/40545/000004054513000075/0000040545-13-000075-index.htm,https://www.sec.gov/Archives/edgar/data/40545/000004054513000075/geform10q2q13.htm
2013-03-31,GE,2013-05-08,2013-05-07 18:26:54,Q1,35010000000,17316000000,17694000000,0.5053984575835475,0.0,0.0,0.0,8796000000,0.0,30884000000,0.0,2310000000,5930000000,0.16938017709225936,3620000000,0.10339902884890032,1615000000,4126000000,0.1178520422736361,-506000000,4632000000,0.1323050556983719,0.35,0.35,1323428571,1323428571,https://www.sec.gov/Archives/edgar/data/40545/000004054513000057/0000040545-13-000057-index.htm,https://www.sec.gov/Archives/edgar/data/40545/000004054513000057/geform10q1q13.htm
2012-12-31,GE,2013-02-26,2013-02-26 17:17:59,FY,39327000000,18733000000,20594000000,0.52366058941694,0.0,0.0,0.0,10500000000,0.0,34058000000,0.0,2532000000,6983000000,0.17756248887532738,4451000000,0.11317924072520151,826000000,5269000000,0.1339792000406845,-818000000,6087000000,0.1547791593561675,0.013641,0.013641,1459570412,1459570412,https://www.sec.gov/Archives/edgar/data/40545/000004054513000036/0000040545-13-000036-index.htm,https://www.sec.gov/Archives/edgar/data/40545/000004054513000036/geform10k2012.htm
2012-09-30,GE,2012-11-07,2012-11-06 17:41:41,Q3,36349000000,18509000000,17840000000,0.49079754601226994,0.0,0.0,0.0,8957000000,0.0,32323000000,0.0,2321000000,5792000000,0.15934413601474592,3471000000,0.09549093510137831,787000000,4026000000,0.11075958073124433,-555000000,4581000000,0.12602822636111036,9.63,9.63,1435410176,1435410176,https://www.sec.gov/Archives/edgar/data/40545/000004054512000088/0000040545-12-000088-index.htm,https://www.sec.gov/Archives/edgar/data/40545/000004054512000088/form10q3q.htm
2012-06-30,GE,2012-07-30,2012-07-30 16:39:53,Q2,36501000000,19199000000,17302000000,0.47401441056409416,0.0,0.0,0.0,8501000000,0.0,32316000000,0.0,2230000000,5921000000,0.1622147338429084,3691000000,0.10112051724610285,393000000,4185000000,0.11465439303032794,-494000000,4679000000,0.12818826881455303,6.139,6.139,1505456914,1505456914,https://www.sec.gov/Archives/edgar/data/40545/000004054512000071/0000040545-12-000071-index.htm,https://www.sec.gov/Archives/edgar/data/40545/000004054512000071/ge10q06302012.htm
2012-03-31,GE,2012-05-04,2012-05-04 16:39:07,Q1,35182000000,17869000000,17313000000,0.49209823205048037,0.0,0.0,0.0,8429000000,0.0,31256000000,0.0,2263000000,5552000000,0.15780796998465124,3289000000,0.09348530498550395,557000000,3926000000,0.11159115456767665,-637000000,4563000000,0.12969700414984936,3.034,3.034,1503955174,1503955174,https://www.sec.gov/Archives/edgar/data/40545/000004054512000037/0000040545-12-000037-index.htm,https://www.sec.gov/Archives/edgar/data/40545/000004054512000037/ge10q1q12.htm
2011-12-31,GE,2012-02-24,2012-02-24 16:29:18,FY,37973000000,17463000000,20510000000,0.5401206120137992,0.0,0.0,0.0,10992000000,0.0,33497000000,0.0,2241000000,6251000000,0.16461696468543438,4010000000,0.10560134832644247,258000000,-21354000000,-0.5623469307139283,-466000000,-20888000000,-0.5500750533273642,0.01312,0.01312,2224494142,2224494142,https://www.sec.gov/Archives/edgar/data/40545/000004054512000016/0000040545-12-000016-index.htm,https://www.sec.gov/Archives/edgar/data/40545/000004054512000016/ge10k.htm
2011-09-30,GE,2011-11-08,2011-11-07 18:23:06,Q3,35367000000,16616000000,18751000000,0.530183504396754,0.0,0.0,0.0,9578000000,0.0,31668000000,0.0,2350000000,5614000000,0.15873554443407698,3264000000,0.09228942234286198,556000000,3699000000,0.10458902366612945,-435000000,4134000000,0.1168886249893969,9.39,9.39,2224494142,2224494142,https://www.sec.gov/Archives/edgar/data/40545/000004054511000058/0000040545-11-000058-index.htm,https://www.sec.gov/Archives/edgar/data/40545/000004054511000058/form10q.htm
2011-06-30,GE,2011-07-29,2011-07-29 16:40:26,Q2,35512000000,17500000000,18012000000,0.5072088308177517,0.0,0.0,0.0,8278000000,0.0,31024000000,0.0,2302000000,5886000000,0.16574678981752647,3584000000,0.10092363144852444,623000000,4488000000,0.12637981527371028,-904000000,5392000000,0.15183599909889614,7.047,7.047,2377465588,2377465588,https://www.sec.gov/Archives/edgar/data/40545/000004054511000047/0000040545-11-000047-index.htm,https://www.sec.gov/Archives/edgar/data/40545/000004054511000047/form10q.htm
2011-03-31,GE,2011-05-06,2011-05-06 16:12:26,Q1,38448000000,16699000000,21749000000,0.5656731169371619,0.0,0.0,0.0,8536000000,0.0,31013000000,0.0,2292000000,5800000000,0.15085310029130253,3508000000,0.0912401165210154,3626000000,7435000000,0.19337806908031627,-3927000000,11362000000,0.29551602163961715,3.358,3.358,3383561643,3383561643,https://www.sec.gov/Archives/edgar/data/40545/000004054511000032/0000040545-11-000032-index.htm,https://www.sec.gov/Archives/edgar/data/40545/000004054511000032/form10q.htm
2010-12-31,GE,2011-02-25,2011-02-25 16:33:50,FY,40274000000,20379000000,19895000000,0.4939911605502309,0.0,0.0,0.0,10804000000,0.0,36820000000,0.0,10004950000,14042950000,0.34868525599642447,4038000000,0.10026319709986592,336000000,3454000000,0.08576252669215871,584000000,2870000000,0.0712618562844515,0.011344,0.011344,1345028208744,1345028208744,https://www.sec.gov/Archives/edgar/data/40545/000119312511047479/0001193125-11-047479-index.htm,https://www.sec.gov/Archives/edgar/data/40545/000119312511047479/d10k.htm
2010-09-30,GE,2010-11-03,2010-11-03 17:02:41,Q3,35888000000,16626000000,19262000000,0.5367253678109675,0.0,0.0,0.0,9146000000,0.0,32248000000,0.0,2621000000,5943000000,0.16559852875613018,3322000000,0.09256576014266607,187000000,3640000000,0.10142666072224699,-318000000,3958000000,0.1102875613018279,6.884,6.884,1799535153,1799535153,https://www.sec.gov/Archives/edgar/data/40545/000119312510246292/0001193125-10-246292-index.htm,https://www.sec.gov/Archives/edgar/data/40545/000119312510246292/d10q.htm
2010-06-30,GE,2010-08-02,2010-08-02 13:58:50,Q2,37444000000,17196000000,20248000000,0.540754192928106,0.0,0.0,0.0,9059000000,0.0,33157000000,0.0,4856000000,8258000000,0.2205426770644162,3402000000,0.09085567781219955,278000000,4287000000,0.11449097318662536,-885000000,5172000000,0.13812626856105117,4.904,4.904,1719004893,1719004893,https://www.sec.gov/Archives/edgar/data/40545/000119312510173396/0001193125-10-173396-index.htm,https://www.sec.gov/Archives/edgar/data/40545/000119312510173396/d10q.htm
2010-03-31,GE,2010-05-07,2010-05-06 18:53:47,Q1,36605000000,17512000000,19093000000,0.5215954104630515,0.0,0.0,0.0,9095000000,0.0,33778000000,0.0,0.0,2396000000,0.06545553886081136,2396000000,0.06545553886081136,350000000,2827000000,0.0772298866275099,-431000000,3258000000,0.08900423439420845,1.87,1.87,1742245989,1742245989,https://www.sec.gov/Archives/edgar/data/40545/000004054510000042/0000040545-10-000042-index.htm,https://www.sec.gov/Archives/edgar/data/40545/000004054510000042/frm10q.htm
2009-12-31,GE,2010-02-19,2010-02-19 17:16:21,FY,41438000000,20503000000,20935000000,0.5052126067860419,0.0,0.0,0.0,10180000000,0.0,38817000000,0.0,0.0,3145000000,0.07589652010232154,3145000000,0.07589652010232154,106000000,2621000000,0.06325112215840532,524000000,2097000000,0.05060572421448912,0.010725,0.010725,862843822843,862843822843,https://www.sec.gov/Archives/edgar/data/40545/000004054510000010/0000040545-10-000010-index.htm,https://www.sec.gov/Archives/edgar/data/40545/000004054510000010/frm10k.htm
2009-09-30,GE,2009-11-02,2009-11-02 16:05:47,Q3,37852000000,18548000000,19304000000,0.5099862622846877,0.0,0.0,0.0,9354000000,0.0,35824000000,0.0,0.0,2495000000,0.06591461481559759,2495000000,0.06591461481559759,438000000,2028000000,0.05357708971784846,467000000,1561000000,0.04123956462009933,7.787,7.787,919095929,919095929,https://www.sec.gov/Archives/edgar/data/40545/000004054509000071/0000040545-09-000071-index.htm,https://www.sec.gov/Archives/edgar/data/40545/000004054509000071/frm10q.htm
2009-06-30,GE,2009-08-03,2009-08-03 09:57:53,Q2,39082000000,18804000000,20278000000,0.5188577861931324,0.0,0.0,0.0,8933000000,0.0,35986000000,0.0,0.0,2877000000,0.07361445166572847,2877000000,0.07361445166572847,34000000,3096000000,0.07921805434726985,-219000000,3315000000,0.08482165702881121,5.332,5.332,1049512378,1049512378,https://www.sec.gov/Archives/edgar/data/40545/000004054509000049/0000040545-09-000049-index.htm,https://www.sec.gov/Archives/edgar/data/40545/000004054509000049/frm10q.htm
2009-03-31,GE,2009-05-01,2009-05-01 17:26:19,Q1,38411000000,18066000000,20345000000,0.5296659810991643,0.0,0.0,0.0,9337000000,0.0,35812000000,0.0,0.0,2917000000,0.07594178750878655,2917000000,0.07594178750878655,428000000,2599000000,0.06766290906250813,318000000,2281000000,0.059384030616229724,2.736,2.736,833698830,833698830,https://www.sec.gov/Archives/edgar/data/40545/000079746309000018/0000797463-09-000018-index.htm,https://www.sec.gov/Archives/edgar/data/40545/000079746309000018/frm10q1q09.htm
2008-12-31,GE,2009-02-18,2009-02-18 06:35:13,FY,46213000000,22913000000,23300000000,0.5041871334905762,0.0,0.0,0.0,10704000000,0.0,43728000000,0.0,11492000000,15359000000,0.3323523683811914,3867000000,0.08367775301322139,-107000000,2485000000,0.053772747928072184,1382000000,1103000000,0.023867742842922986,0.017335,0.017335,1164868762618,1164868762618,https://www.sec.gov/Archives/edgar/data/40545/000004054509000012/0000040545-09-000012-index.htm,https://www.sec.gov/Archives/edgar/data/40545/000004054509000012/frm10k.htm
2008-09-30,GE,2008-10-30,2008-10-30 16:37:52,Q3,47138000000,22137000000,25001000000,0.5303788875217447,0.0,0.0,0.0,10478000000,0.0,42109000000,0.0,0.0,4467000000,0.09476430905002334,4467000000,0.09476430905002334,544000000,5029000000,0.1066867495438924,-562000000,5591000000,0.11860919003776146,1.42,1.42,13443661971,13443661971,https://www.sec.gov/Archives/edgar/data/40545/000004054508000059/0000040545-08-000059-index.htm,https://www.sec.gov/Archives/edgar/data/40545/000004054508000059/frm8k093008.htm
2008-06-30,GE,2008-07-25,2008-07-25 16:09:25,Q2,46891000000,20729000000,26162000000,0.5579322258002601,0.0,0.0,0.0,10604000000,0.0,40454000000,0.0,0.0,5394000000,0.11503273549295175,5394000000,0.11503273549295175,574000000,6437000000,0.1372758098569022,-1043000000,7480000000,0.1595188842208526,0.98,0.98,13774489795,13774489795,https://www.sec.gov/Archives/edgar/data/40545/000004054508000033/0000040545-08-000033-index.htm,https://www.sec.gov/Archives/edgar/data/40545/000004054508000033/frm10q.htm
2008-03-31,GE,2008-04-25,2008-04-25 16:47:55,Q1,42273000000,17993000000,24280000000,0.5743618858372956,0.0,0.0,0.0,10235000000,0.0,37083000000,0.0,0.0,4361000000,0.10316277529392283,4361000000,0.10316277529392283,575000000,5190000000,0.12277340146192606,-829000000,6019000000,0.14238402762992927,0.44,0.44,13679545454,13679545454,https://www.sec.gov/Archives/edgar/data/40545/000004054508000015/0000040545-08-000015-index.htm,https://www.sec.gov/Archives/edgar/data/40545/000004054508000015/frm10q.htm
2007-12-31,GE,2008-02-20,2008-02-20 08:54:26,FY,48576000000,21516000000,27060000000,0.5570652173913043,0.0,0.0,0.0,10473000000,0.0,40956000000,0.0,10278000000,17090000000,0.3518198287220026,6812000000,0.140233860342556,700000000,7620000000,0.15686758893280633,-808000000,8428000000,0.17350131752305664,2.2,2.2,13967272727,13967272727,https://www.sec.gov/Archives/edgar/data/40545/000004054508000011/0000040545-08-000011-index.htm,https://www.sec.gov/Archives/edgar/data/40545/000004054508000011/frm10k.htm
2007-09-30,GE,2007-11-02,2007-11-02 14:56:14,Q3,43216000000,18579000000,24637000000,0.5700897815623843,0.0,0.0,0.0,29824000000,0.0,36114000000,0.0,0.0,5790000000,0.1339781562384302,5790000000,0.1339781562384302,385000000,7102000000,0.16433728248796742,-1312000000,8414000000,0.19469640873750463,1.53,1.53,14575163398,14575163398,https://www.sec.gov/Archives/edgar/data/40545/000004054507000051/0000040545-07-000051-index.htm,https://www.sec.gov/Archives/edgar/data/40545/000004054507000051/frm10q.htm
2007-06-30,GE,2007-07-27,2007-07-27 13:01:13,Q2,40751000000,16179000000,24572000000,0.6029790679983313,0.0,0.0,0.0,-9975000000,0.0,34292000000,0.0,0.0,5356000000,0.1314323574881598,5356000000,0.1314323574881598,1446000000,6459000000,0.1584991779342838,-1103000000,7562000000,0.18556599838040785,0.96,0.96,14464583333,14464583333,https://www.sec.gov/Archives/edgar/data/40545/000004054507000039/0000040545-07-000039-index.htm,https://www.sec.gov/Archives/edgar/data/40545/000004054507000039/frm10q.htm
2007-03-31,GE,2007-04-27,2007-04-27 14:15:03,Q1,40195000000,16851000000,23344000000,0.5807687523323797,0.0,0.0,0.0,9975000000,0.0,34778000000,0.0,0.0,4510000000,0.11220301032466724,4510000000,0.11220301032466724,488000000,5417000000,0.1347680059708919,-907000000,6324000000,0.15733300161711655,0.44,0.44,14372727272,14372727272,https://www.sec.gov/Archives/edgar/data/40545/000004054507000022/0000040545-07-000022-index.htm,https://www.sec.gov/Archives/edgar/data/40545/000004054507000022/frm10q.htm
2006-12-31,GE,2007-02-27,2007-02-27 09:11:09,FY,44814000000,19838000000,24976000000,0.5573258356763512,0.0,0.0,0.0,9738000000,0.0,37051000000,0.0,9158000000,15869000000,0.3541080912214933,6711000000,0.14975230954612398,859000000,7763000000,0.1732271165260856,-1052000000,8815000000,0.1967019235060472,1.99,1.99,14358793969,14358793969,https://www.sec.gov/Archives/edgar/data/40545/000004054507000017/0000040545-07-000017-index.htm,https://www.sec.gov/Archives/edgar/data/40545/000004054507000017/frm10k.htm
2006-09-30,GE,2006-10-31,2006-10-30 18:46:49,Q3,40856000000,18468000000,22388000000,0.5479733698844723,0.0,0.0,0.0,9233000000,0.0,34846000000,0.0,0.0,5059000000,0.12382514196201293,5059000000,0.12382514196201293,570000000,6010000000,0.14710201683963187,-951000000,6961000000,0.17037889171725082,1.34,1.34,14745522388,14745522388,https://www.sec.gov/Archives/edgar/data/40545/000004054506000054/0000040545-06-000054-index.htm,https://www.sec.gov/Archives/edgar/data/40545/000004054506000054/frm10q.htm
2006-06-30,GE,2006-07-24,2006-07-24 17:09:50,Q2,39900000000,18143000000,21757000000,0.5452882205513785,0.0,0.0,0.0,9406000000,0.0,34006000000,0.0,0.0,4854000000,0.12165413533834586,4854000000,0.12165413533834586,657000000,5894000000,0.14771929824561403,-1040000000,6934000000,0.1737844611528822,0.85,0.85,15056470588,15056470588,https://www.sec.gov/Archives/edgar/data/40545/000004054506000025/0000040545-06-000025-index.htm,https://www.sec.gov/Archives/edgar/data/40545/000004054506000025/frm10q.htm
2006-03-31,GE,2006-04-26,2006-04-26 16:04:07,Q1,37821000000,17661000000,20160000000,0.5330372015546918,0.0,0.0,0.0,9037000000,0.0,32868000000,0.0,0.0,4042000000,0.10687184368472542,4042000000,0.10687184368472542,451000000,4953000000,0.13095899103672562,-911000000,5864000000,0.15504613838872583,0.39,0.39,15035897435,15035897435,https://www.sec.gov/Archives/edgar/data/40545/000004054506000015/0000040545-06-000015-index.htm,https://www.sec.gov/Archives/edgar/data/40545/000004054506000015/frm10q.htm
2005-12-31,GE,2006-03-03,2006-03-03 08:10:03,FY,26493000000,18675000000,7818000000,0.29509681802740345,0.0,0.0,0.0,5129000000,0.0,21345000000,0.0,8538000000,-10365000000,-0.39123542067716,-18903000000,-0.7135092288529046,423000000,-20835000000,-0.7864341524176197,-162000000,-20673000000,-0.780319329634243,1.72,1.72,16538400000,16538400000,https://www.sec.gov/Archives/edgar/data/40545/000004054506000009/0000040545-06-000009-index.htm,https://www.sec.gov/Archives/edgar/data/40545/000004054506000009/frm10k.htm
2005-09-30,GE,2005-10-24,2005-10-24 17:22:34,Q3,41927000000,16001000000,25926000000,0.6183604836978558,0.0,0.0,0.0,30142000000,0.0,35906000000,0.0,0.0,6021000000,0.1436067450568846,6021000000,0.1436067450568846,347000000,6021000000,0.1436067450568846,-1344000000,7365000000,0.17566246094402174,1.25,1.25,16538400000,16538400000,https://www.sec.gov/Archives/edgar/data/40545/000004054505000055/0000040545-05-000055-index.htm,https://www.sec.gov/Archives/edgar/data/40545/000004054505000055/frm10q.htm
2005-06-30,GE,2005-07-29,2005-07-29 16:12:48,Q2,41556000000,16596000000,24960000000,0.6006352873231302,0.0,0.0,0.0,-10071000000,0.0,35695000000,0.0,0.0,5861000000,0.1410385985176629,5861000000,0.1410385985176629,596000000,5861000000,0.1410385985176629,-1214000000,7075000000,0.1702521898161517,0.81,0.81,16429629629,16429629629,https://www.sec.gov/Archives/edgar/data/40545/000004054505000041/0000040545-05-000041-index.htm,https://www.sec.gov/Archives/edgar/data/40545/000004054505000041/frm10q.htm
2005-03-31,GE,2005-05-06,2005-05-06 09:12:29,Q1,39726000000,15542000000,24184000000,0.6087700750138448,0.0,0.0,0.0,10071000000,0.0,34627000000,0.0,0.0,5099000000,0.12835422645119066,5099000000,0.12835422645119066,317000000,5099000000,0.12835422645119066,-1134000000,6233000000,0.15689976337914716,0.37,0.37,16845945945,16845945945,https://www.sec.gov/Archives/edgar/data/40545/000004054505000033/0000040545-05-000033-index.htm,https://www.sec.gov/Archives/edgar/data/40545/000004054505000033/frm10q1q05.htm
2004-12-31,GE,2005-03-01,2005-03-01 10:37:34,FY,43706000000,18089000000,25617000000,0.5861208987324394,0.0,0.0,0.0,10188000000,0.0,37651000000,0.0,2227000000,-15337000000,-0.35091291813480985,-17564000000,-0.4018670205463781,414000000,-17564000000,-0.4018670205463781,-677000000,-16887000000,-0.3863771564544914,1.59,1.59,15636111111,15636111111,https://www.sec.gov/Archives/edgar/data/40545/000004054505000020/0000040545-05-000020-index.htm,https://www.sec.gov/Archives/edgar/data/40545/000004054505000020/gefrm10k.htm
2004-09-30,GE,2004-10-26,2004-10-26 09:09:43,Q3,38272000000,15927000000,22345000000,0.5838471989966555,0.0,0.0,0.0,9401000000,0.0,33183000000,0.0,2104000000,7193000000,0.1879441889632107,5089000000,0.13296927257525085,189000000,5089000000,0.13296927257525085,-1038000000,6127000000,0.16009092809364547,1.08,1.08,15636111111,15636111111,https://www.sec.gov/Archives/edgar/data/40545/000004054504000045/0000040545-04-000045-index.htm,https://www.sec.gov/Archives/edgar/data/40545/000004054504000045/ge3q04_10q.htm
2004-06-30,GE,2004-07-30,2004-07-30 12:37:16,Q2,37035000000,15125000000,21910000000,0.5916025381395976,0.0,0.0,0.0,9509000000,0.0,32295000000,0.0,2057000000,6797000000,0.1835290941001755,4740000000,0.1279870392871608,324000000,4740000000,0.1279870392871608,-816000000,5556000000,0.15002025111381126,0.69,0.69,15594202898,15594202898,https://www.sec.gov/Archives/edgar/data/40545/000004054504000036/0000040545-04-000036-index.htm,https://www.sec.gov/Archives/edgar/data/40545/000004054504000036/ge2q04.htm
2004-03-31,GE,2004-05-04,2004-05-04 16:06:46,Q1,33350000000,12618000000,20732000000,0.6216491754122938,0.0,0.0,0.0,9050000000,0.0,29128000000,0.0,1997000000,6219000000,0.1864767616191904,4222000000,0.1265967016491754,137000000,4222000000,0.1265967016491754,-982000000,5204000000,0.15604197901049474,0.32,0.32,16262500000,16262500000,https://www.sec.gov/Archives/edgar/data/40545/000004054504000019/0000040545-04-000019-index.htm,https://www.sec.gov/Archives/edgar/data/40545/000004054504000019/mar04_10q.htm
2003-12-31,GE,2004-03-01,2004-03-01 17:20:34,FY,36964000000,15211000000,21753000000,0.5884915052483497,0.0,0.0,0.0,8319000000,0.0,31439000000,0.0,1832000000,7357000000,0.19903149009847418,5525000000,0.14946975435558923,193000000,5525000000,0.14946975435558923,-965000000,6490000000,0.17557623633805866,1.55,1.55,15625161290,15625161290,https://www.sec.gov/Archives/edgar/data/40545/000004054504000013/0000040545-04-000013-index.htm,https://www.sec.gov/Archives/edgar/data/40545/000004054504000013/frm10k.htm
2003-09-30,GE,2003-10-31,2003-10-31 16:30:04,Q3,33394000000,12289000000,21105000000,0.6319997604360065,0.0,0.0,0.0,7944000000,0.0,28274000000,0.0,1741000000,6861000000,0.20545606995268612,5120000000,0.1533209558603342,206000000,5120000000,0.1533209558603342,-1099000000,6219000000,0.18623105947176138,1.1,1.1,16117272727,16117272727,https://www.sec.gov/Archives/edgar/data/40545/000004054503000057/0000040545-03-000057-index.htm,https://www.sec.gov/Archives/edgar/data/40545/000004054503000057/frm10q.htm
2003-06-30,GE,2003-08-01,2003-08-01 13:04:55,Q2,33510000000,12425000000,21085000000,0.6292151596538347,0.0,0.0,0.0,8088000000,0.0,28500000000,0.0,1855000000,6865000000,0.20486421963592957,5010000000,0.1495076096687556,148000000,5010000000,0.1495076096687556,-1216000000,6226000000,0.18579528498955536,0.7,0.7,16442857142,16442857142,https://www.sec.gov/Archives/edgar/data/40545/000004054503000037/0000040545-03-000037-index.htm,https://www.sec.gov/Archives/edgar/data/40545/000004054503000037/ge_10q.htm
2003-03-31,GE,2003-05-02,2003-05-02 11:42:35,Q1,30319000000,11281000000,19038000000,0.6279230845344503,0.0,0.0,0.0,7376000000,0.0,26070000000,0.0,1528000000,5777000000,0.19054058511164615,4249000000,0.1401431445628154,55000000,4249000000,0.1401431445628154,-1035000000,5284000000,0.174280154358653,0.32,0.32,16512500000,16512500000,https://www.sec.gov/Archives/edgar/data/40545/000004054503000024/0000040545-03-000024-index.htm,https://www.sec.gov/Archives/edgar/data/40545/000004054503000024/frm10q1.htm
2002-09-30,GE,2002-10-29,2002-10-29 14:43:41,Q3,32585000000,12240000000,20345000000,0.6243670400491024,0.0,0.0,0.0,7357000000,0.0,27321000000,0.0,0.0,5264000000,0.161546723952739,5264000000,0.161546723952739,457000000,5264000000,0.161546723952739,-1177000000,6441000000,0.197667638483965,1.2,1.2,16437500000,16437500000,https://www.sec.gov/Archives/edgar/data/40545/000004054502000058/0000040545-02-000058-index.htm,https://www.sec.gov/Archives/edgar/data/40545/000004054502000058/frm10q3.htm
2002-06-30,GE,2002-07-31,2002-07-31 12:27:33,Q2,33214000000,13865000000,19349000000,0.5825555488649364,0.0,0.0,0.0,6735000000,0.0,27607000000,0.0,0.0,5607000000,0.16881435539230444,5607000000,0.16881435539230444,86000000,5607000000,0.16881435539230444,-1181000000,6788000000,0.20437165050882158,0.79,0.79,16815189873,16815189873,https://www.sec.gov/Archives/edgar/data/40545/000004054502000039/0000040545-02-000039-index.htm,https://www.sec.gov/Archives/edgar/data/40545/000004054502000039/frm10q2.htm
2002-03-31,GE,2002-05-13,2002-05-13 16:19:55,Q1,30521000000,12347000000,18174000000,0.5954588643884539,0.0,0.0,0.0,6506000000,0.0,25514000000,0.0,0.0,5007000000,0.16405098129156973,5007000000,0.16405098129156973,55000000,5007000000,0.16405098129156973,-1489000000,6496000000,0.2128370630057993,0.35,0.35,18560000000,18560000000,https://www.sec.gov/Archives/edgar/data/40545/000004054502000025/0000040545-02-000025-index.htm,https://www.sec.gov/Archives/edgar/data/40545/000004054502000025/frm10q.htm
2001-09-30,GE,2001-11-02,2001-11-02 00:00:00,Q3,29468000000,11741000000,17727000000,0.6015678023618841,0.0,0.0,0.0,6439000000,0.0,25064000000,0.0,-846000000,-1969000000,-0.06681824351839283,-1123000000,-0.03810913533324284,14000000,-1123000000,-0.03810913533324284,-1123000000,0.0,0.0,1.01,1.01,0.0,0.0,https://www.sec.gov/Archives/edgar/data/40545/000004054501500051/0000040545-01-500051-index.htm,https://www.sec.gov/Archives/edgar/data/40545/000004054501500051/f10q.htm
2001-06-30,GE,2001-07-23,2001-07-23 00:00:00,Q2,31977000000,12709000000,19268000000,0.6025580886262001,0.0,0.0,0.0,6756000000,0.0,26481000000,0.0,464000000,-1135000000,-0.03549426150045345,-1599000000,-0.05000469087156394,156000000,-1599000000,-0.05000469087156394,-1599000000,0.0,0.0,0.69,0.69,0.0,0.0,https://www.sec.gov/Archives/edgar/data/40545/000004054501500035/0000040545-01-500035-index.htm,https://www.sec.gov/Archives/edgar/data/40545/000004054501500035/f10q.htm
2001-03-31,GE,2001-04-19,2001-04-19 00:00:00,Q1,30493000000,11793000000,18700000000,0.6132555012625849,0.0,0.0,0.0,7062000000,0.0,26039000000,0.0,382000000,-1055000000,-0.0345981044829961,-1437000000,-0.04712556980290559,59000000,-1437000000,-0.04712556980290559,-1437000000,0.0,0.0,0.3,0.3,43234146341,43234146341,https://www.sec.gov/Archives/edgar/data/40545/000004054501500025/0000040545-01-500025-index.htm,https://www.sec.gov/Archives/edgar/data/40545/000004054501500025/f10q.htm
2000-09-30,GE,2000-10-26,2000-10-26 00:00:00,Q3,32014000000,13059000000,18955000000,0.5920847129380896,0.0,0.0,0.0,7262000000,0.0,27484000000,0.0,1913000000,6443000000,0.20125570063097395,4530000000,0.14150059349034796,113000000,4530000000,0.14150059349034796,-1350000000,5880000000,0.1836696445305179,0.41,0.41,43234146341,43234146341,https://www.sec.gov/Archives/edgar/data/40545/000004054500500024/0000040545-00-500024-index.htm,https://www.sec.gov/Archives/edgar/data/40545/000004054500500024/f3q2000.htm
