date,symbol,fillingDate,acceptedDate,period,revenue,costOfRevenue,grossProfit,grossProfitRatio,researchAndDevelopmentExpenses,generalAndAdministrativeExpenses,sellingAndMarketingExpenses,otherExpenses,operatingExpenses,costAndExpenses,interestExpense,depreciationAndAmortization,ebitda,ebitdaratio,operatingIncome,operatingIncomeRatio,totalOtherIncomeExpensesNet,incomeBeforeTax,incomeBeforeTaxRatio,incomeTaxExpense,netIncome,netIncomeRatio,eps,epsdiluted,weightedAverageShsOut,weightedAverageShsOutDil,link,finalLink
2020-03-31,GILD,2020-05-06,2020-05-05 19:03:19,Q1,5548000000,969000000,4579000000,0.8253424657534246,1101000000,1076000000,0.0,-158000000,2177000000,3146000000,241000000,349000000,2751000000,0.495854361932,2402000000,0.432948810382,-158000000,2003000000,0.361031002163,465000000,1551000000,0.279560201875,1.23,1.22,1262000000,1270000000,https://www.sec.gov/Archives/edgar/data/882095/000088209520000013/0000882095-20-000013-index.htm,https://www.sec.gov/Archives/edgar/data/882095/000088209520000013/q120form10-q.htm
2019-12-31,GILD,2020-02-25,2020-02-24 17:38:25,FY,5879000000,1683000000,4196000000,0.7137268242898452,1899000000,1204000000,0.0,1051000000,3103000000,4786000000,243000000,350000000,1443000000,0.245449906447,1093000000,0.185915972104,1051000000,1901000000,0.323354311958,-788000000,2696000000,0.458581391393,2.12,2.12,1270000000,1277000000,https://www.sec.gov/Archives/edgar/data/882095/000088209520000006/0000882095-20-000006-index.htm,https://www.sec.gov/Archives/edgar/data/882095/000088209520000006/a2019form10-k.htm
2019-09-30,GILD,2019-11-05,2019-11-05 17:16:04,Q3,5604000000,1035000000,4569000000,0.8153104925053534,4990000000,1052000000,0.0,222000000,6042000000,7077000000,250000000,347000000,-1126000000,-0.20092790863668808,-1473000000,-0.262847965738758,222000000,-1501000000,-0.26784439685938616,-333000000,-1168000000,-0.20842255531763026,-0.91,-0.91,1271000000,1278000000,https://www.sec.gov/Archives/edgar/data/882095/000088209519000027/0000882095-19-000027-index.htm,https://www.sec.gov/Archives/edgar/data/882095/000088209519000027/q319form10-q.htm
2019-06-30,GILD,2019-08-06,2019-08-06 16:26:19,Q2,5685000000,1000000000,4685000000,0.8240985048372911,1160000000,1095000000,0.0,228000000,2255000000,3255000000,248000000,348000000,2778000000,0.488654353562,2430000000,0.427440633245,228000000,1515000000,0.266490765172,535000000,1880000000,0.330694810906,1.48,1.47,1273000000,1280000000,https://www.sec.gov/Archives/edgar/data/882095/000088209519000020/0000882095-19-000020-index.htm,https://www.sec.gov/Archives/edgar/data/882095/000088209519000020/q219form10-q.htm
2019-03-31,GILD,2019-05-08,2019-05-07 19:16:59,Q1,5281000000,957000000,4324000000,0.8187843211512971,1057000000,1030000000,0.0,367000000,2087000000,3044000000,254000000,359000000,2596000000,0.491573565613,2237000000,0.423594016285,367000000,2350000000,0.444991478887,382000000,1975000000,0.373982200341,1.55,1.54,1276000000,1283000000,https://www.sec.gov/Archives/edgar/data/882095/000088209519000014/0000882095-19-000014-index.htm,https://www.sec.gov/Archives/edgar/data/882095/000088209519000014/q119form10-q.htm
2018-12-31,GILD,2019-02-26,2019-02-25 20:02:58,FY,5795000000,1570000000,4225000000,0.729076790336497,1950000000,1131000000,0.0,129000000,3081000000,4651000000,257000000,358000000,1502000000,0.259188955997,1144000000,0.197411561691,129000000,1016000000,0.175323554789,1013000000,3000000.0,0.000517687661777,0.01,0.02,1298000000,1308000000,https://www.sec.gov/Archives/edgar/data/882095/000088209519000006/0000882095-19-000006-index.htm,https://www.sec.gov/Archives/edgar/data/882095/000088209519000006/a2018form10-k.htm
2018-09-30,GILD,2018-11-06,2018-11-06 16:14:13,Q3,5596000000,1086000000,4510000000,0.8059328091493925,939000000,948000000,0.0,305000000,1887000000,2973000000,264000000,358000000,2981000000,0.53270192995,2623000000,0.468727662616,305000000,2664000000,0.476054324518,565000000,2097000000,0.374731951394,1.61,1.6,1302000000,1313000000,https://www.sec.gov/Archives/edgar/data/882095/000088209518000029/0000882095-18-000029-index.htm,https://www.sec.gov/Archives/edgar/data/882095/000088209518000029/q318form10-q.htm
2018-06-30,GILD,2018-08-06,2018-08-06 16:16:07,Q2,5648000000,1196000000,4452000000,0.7882436260623229,1192000000,980000000,0.0,72000000,2172000000,3368000000,266000000,356000000,2636000000,0.46671388102,2280000000,0.403682719547,72000000,2086000000,0.36933427762,267000000,1817000000,0.321706798867,1.4,1.38,1302000000,1314000000,https://www.sec.gov/Archives/edgar/data/882095/000088209518000022/0000882095-18-000022-index.htm,https://www.sec.gov/Archives/edgar/data/882095/000088209518000022/q218form10-q.htm
2018-03-31,GILD,2018-05-09,2018-05-08 18:54:26,Q1,5088000000,1001000000,4087000000,0.8032625786163522,937000000,997000000,0.0,170000000,1934000000,2935000000,290000000,357000000,2510000000,0.493317610063,2153000000,0.423152515723,170000000,2033000000,0.399567610063,494000000,1538000000,0.302279874214,1.18,1.17,1307000000,1320000000,https://www.sec.gov/Archives/edgar/data/882095/000088209518000015/0000882095-18-000015-index.htm,https://www.sec.gov/Archives/edgar/data/882095/000088209518000015/q118form10-q.htm
2017-12-31,GILD,2018-02-27,2018-02-26 17:57:33,FY,5949000000,1256000000,4693000000,0.7888720793410657,1150000000,1252000000,0.0,132000000,2402000000,3658000000,297000000,397000000,2688000000,0.451840645487,2291000000,0.385106740629,132000000,2126000000,0.35737098672,5962000000,-3836000000,-0.14883215643671918,-2.96,-2.93,1307000000,1319000000,https://www.sec.gov/Archives/edgar/data/882095/000088209518000008/0000882095-18-000008-index.htm,https://www.sec.gov/Archives/edgar/data/882095/000088209518000008/a2017form10-k.htm
2017-09-30,GILD,2017-11-07,2017-11-06 18:07:06,Q3,6512000000,1032000000,5480000000,0.8415233415233415,789000000,879000000,0.0,391000000,1668000000,2700000000,291000000,297000000,4109000000,0.630988943489,3812000000,0.585380835381,150000000,3671000000,0.563728501229,959000000,2718000000,0.417383292383,2.08,2.06,1307000000,1319000000,https://www.sec.gov/Archives/edgar/data/882095/000088209517000027/0000882095-17-000027-index.htm,https://www.sec.gov/Archives/edgar/data/882095/000088209517000027/q317form10-q.htm
2017-06-30,GILD,2017-08-07,2017-08-07 16:31:01,Q2,7141000000,1126000000,6015000000,0.8423190029407646,864000000,897000000,0.0,130000000,1761000000,2887000000,269000000,298000000,4552000000,0.637445735891,4254000000,0.59571488587,130000000,4115000000,0.576249824954,1046000000,3073000000,0.43033188629,2.35,2.33,1307000000,1319000000,https://www.sec.gov/Archives/edgar/data/882095/000088209517000020/0000882095-17-000020-index.htm,https://www.sec.gov/Archives/edgar/data/882095/000088209517000020/q217form10-q.htm
2017-03-31,GILD,2017-05-10,2017-05-09 19:35:16,Q1,6505000000,957000000,5548000000,0.8528823981552652,931000000,850000000,0.0,111000000,1781000000,2738000000,261000000,294000000,4061000000,0.624289008455,3767000000,0.57909300538,111000000,3617000000,0.556033820138,918000000,2702000000,0.415372790161,2.07,2.05,1308000000,1320000000,https://www.sec.gov/Archives/edgar/data/882095/000088209517000013/0000882095-17-000013-index.htm,https://www.sec.gov/Archives/edgar/data/882095/000088209517000013/q117form10-q.htm
2016-12-31,GILD,2017-02-27,2017-02-27 16:23:29,FY,7320000000,1075000000,6245000000,0.8531420765027322,1208000000,992000000,0.0,140000000,2200000000,3275000000,265000000,292000000,4337000000,0.592486338798,4045000000,0.552595628415,140000000,3920000000,0.535519125683,821000000,3108000000,0.424590163934,2.36,2.35,1339000000,1358000000,https://www.sec.gov/Archives/edgar/data/882095/000088209517000006/0000882095-17-000006-index.htm,https://www.sec.gov/Archives/edgar/data/882095/000088209517000006/a2016form10-k.htm
2016-09-30,GILD,2016-11-07,2016-11-07 16:45:11,Q3,7500000000,1129000000,6371000000,0.8494666666666667,1141000000,831000000,0.0,119000000,1972000000,3101000000,242000000,299000000,4698000000,0.6264,4399000000,0.586533333333,119000000,4276000000,0.570133333333,951000000,3330000000,0.444,2.52,2.48,1347000000,1369000000,https://www.sec.gov/Archives/edgar/data/882095/000088209516000060/0000882095-16-000060-index.htm,https://www.sec.gov/Archives/edgar/data/882095/000088209516000060/q316form10-q.htm
2016-06-30,GILD,2016-08-05,2016-08-05 16:12:17,Q2,7776000000,864000000,6912000000,0.8888888888888888,1484000000,890000000,0.0,88000000,2374000000,3238000000,227000000,284000000,4822000000,0.620113168724,4538000000,0.583590534979,88000000,4399000000,0.565715020576,902000000,3497000000,0.449717078189,2.62,2.58,1359000000,1383000000,https://www.sec.gov/Archives/edgar/data/882095/000088209516000054/0000882095-16-000054-index.htm,https://www.sec.gov/Archives/edgar/data/882095/000088209516000054/q216form10-q.htm
2016-03-31,GILD,2016-05-06,2016-05-06 16:15:07,Q1,7794000000,1193000000,6601000000,0.8469335386194509,1265000000,685000000,0.0,81000000,1950000000,3143000000,230000000,283000000,4934000000,0.633051064922,4651000000,0.596741082884,81000000,4502000000,0.57762381319,935000000,3566000000,0.457531434437,2.58,2.53,1383000000,1412000000,https://www.sec.gov/Archives/edgar/data/882095/000088209516000046/0000882095-16-000046-index.htm,https://www.sec.gov/Archives/edgar/data/882095/000088209516000046/q116form10-q.htm
2015-12-31,GILD,2016-02-24,2016-02-24 17:01:48,FY,8506000000,1062000000,7444000000,0.8751469550905243,757000000,1066000000,0.0,46000000,1823000000,2885000000,230000000,278000000,5899000000,0.693510463202,5621000000,0.66082765107,46000000,5437000000,0.639195861745,752000000,4683000000,0.55055255114,3.26,3.18,1464000000,1521000000,https://www.sec.gov/Archives/edgar/data/882095/000088209516000039/0000882095-16-000039-index.htm,https://www.sec.gov/Archives/edgar/data/882095/000088209516000039/a2015form10-k.htm
2015-09-30,GILD,2015-11-04,2015-11-04 16:02:41,Q3,8295000000,1064000000,7231000000,0.8717299578059071,743000000,903000000,0.0,52000000,1646000000,2710000000,165000000,278000000,5863000000,0.706811332128,5585000000,0.673297166968,52000000,5472000000,0.659674502712,880000000,4600000000,0.554550934298,3.15,3.05,1474000000,1538000000,https://www.sec.gov/Archives/edgar/data/882095/000088209515000033/0000882095-15-000033-index.htm,https://www.sec.gov/Archives/edgar/data/882095/000088209515000033/q315form10-q.htm
2015-06-30,GILD,2015-08-05,2015-08-05 16:19:50,Q2,8244000000,998000000,7246000000,0.878942261038331,818000000,812000000,0.0,35000000,1630000000,2628000000,140000000,273000000,5889000000,0.714337700146,5616000000,0.681222707424,35000000,5511000000,0.668486171761,1014000000,4492000000,0.544881125667,3.05,2.92,1480000000,1555000000,https://www.sec.gov/Archives/edgar/data/882095/000088209515000026/0000882095-15-000026-index.htm,https://www.sec.gov/Archives/edgar/data/882095/000088209515000026/q215form10-q.htm
2015-03-31,GILD,2015-05-08,2015-05-08 16:30:06,Q1,7594000000,882000000,6712000000,0.8838556755333158,696000000,645000000,0.0,21000000,1341000000,2223000000,153000000,269000000,5640000000,0.74269159863,5371000000,0.707268896497,21000000,5239000000,0.689886752699,907000000,4333000000,0.570582038451,2.91,2.76,1488000000,1569000000,https://www.sec.gov/Archives/edgar/data/882095/000088209515000017/0000882095-15-000017-index.htm,https://www.sec.gov/Archives/edgar/data/882095/000088209515000017/q115form10-q.htm
2014-12-31,GILD,2015-02-25,2015-02-25 16:05:20,FY,7314269000,1062780000,6251489000,0.854697714836575,1044632000,876485000,0.0,3000000.0,1921117000,2983897000,130361000,275381000,4605753000,0.629694231918,4330372000,0.592044399789,29594000,5960257000,0.814880748849,767940000,3486723000,0.476701499494,2.31,2.17,1522000000,1647000000,https://www.sec.gov/Archives/edgar/data/882095/000088209515000008/0000882095-15-000008-index.htm,https://www.sec.gov/Archives/edgar/data/882095/000088209515000008/a2014form10-k.htm
2014-09-30,GILD,2014-11-05,2014-11-05 16:28:30,Q3,6041832000,987306000,5054526000,0.8365883063282792,630466000,944837000,0.0,-5037000.0,1575303000,2562609000,103366000,266672000,3745895000,0.619993240461,3479223000,0.575855634516,-5037000.0,2939685000,0.486555236888,646557000,2731274000,0.45206056706,1.81,1.66,1527633000,1662281000,https://www.sec.gov/Archives/edgar/data/882095/000088209514000051/0000882095-14-000051-index.htm,https://www.sec.gov/Archives/edgar/data/882095/000088209514000051/q314form10-q.htm
2014-06-30,GILD,2014-08-04,2014-08-04 17:19:21,Q2,6534943000,924709000,5610234000,0.8584977711358768,583924000,613555000,0.0,-3645000.0,1197479000,2122188000,102004000,266907000,4679662000,0.716098365357,4412755000,0.675255315922,-3645000.0,3704794000,0.566920629606,656621000,3655593000,0.559391719254,2.38,2.19,1534614000,1672435000,https://www.sec.gov/Archives/edgar/data/882095/000088209514000038/0000882095-14-000038-index.htm,https://www.sec.gov/Archives/edgar/data/882095/000088209514000038/q214form10-q.htm
2014-03-31,GILD,2014-05-07,2014-05-07 17:19:48,Q1,4998956000,813205000,4185751000,0.837325033466988,594978000,548123000,0.0,-17912000,1143101000,1956306000,76269000,241040000,3283690000,0.656875155532,3042650000,0.6086570876,-17912000,2251264000,0.450346832419,725882000,2227410000,0.445575036068,1.45,1.33,1536525000,1679871000,https://www.sec.gov/Archives/edgar/data/882095/000088209514000024/0000882095-14-000024-index.htm,https://www.sec.gov/Archives/edgar/data/882095/000088209514000024/q114form10-q.htm
2013-12-31,GILD,2014-02-25,2014-02-25 16:10:01,FY,3119826000,857523000,2262303000,0.7251375557483013,551978000,513284000,0.0,-8886000.0,1065262000,1922785000,73150000,127959000,1325000000,0.424703172549,1197041000,0.383688385186,-8886000.0,704366000,0.225770924404,326041000,791411000,0.25367151886,0.51,0.46,1528620000,1694747000,https://www.sec.gov/Archives/edgar/data/882095/000088209514000013/0000882095-14-000013-index.htm,https://www.sec.gov/Archives/edgar/data/882095/000088209514000013/a2013form10-k.htm
2013-09-30,GILD,2013-10-31,2013-10-31 16:40:08,Q3,2782833000,681868000,2100965000,0.7549734389379457,546244000,406860000,0.0,5777000.0,953104000,1634972000,73949000,69242000,1217103000,0.437361135217,1147861000,0.412479297177,5777000.0,712775000,0.256132868915,294473000,788606000,0.283382437969,0.52,0.46,1526847000,1689647000,https://www.sec.gov/Archives/edgar/data/882095/000088209513000046/0000882095-13-000046-index.htm,https://www.sec.gov/Archives/edgar/data/882095/000088209513000046/q313form10-q.htm
2013-06-30,GILD,2013-08-01,2013-08-01 16:11:19,Q2,2767394000,684663000,2082731000,0.7525964860804063,523902000,404991000,0.0,-231000.0,928893000,1613556000,78008000,73177000,1227015000,0.443382835982,1153838000,0.416940269438,-231000.0,621166000,0.224458822994,307981000,772605000,0.279181424835,0.51,0.46,1524174000,1683269000,https://www.sec.gov/Archives/edgar/data/882095/000088209513000038/0000882095-13-000038-index.htm,https://www.sec.gov/Archives/edgar/data/882095/000088209513000038/q213form10-q.htm
2013-03-31,GILD,2013-05-08,2013-05-08 17:15:40,Q1,2531635000,634448000,1897187000,0.7493919937115737,497632000,374296000,0.0,-3324000.0,871928000,1506376000,81787000,74326000,1099585000,0.434337888361,1025259000,0.404978995787,-3324000.0,940148000,0.371360010428,222438000,722186000,0.28526466098,0.47,0.43,1521372000,1665060000,https://www.sec.gov/Archives/edgar/data/882095/000088209513000029/0000882095-13-000029-index.htm,https://www.sec.gov/Archives/edgar/data/882095/000088209513000029/q113form10-q.htm
2012-12-31,GILD,2013-02-27,2013-02-27 16:36:05,FY,2588285000,675818000,1912467000,0.7388935144313705,439659000,365825000,0.0,1386000.0,805484000,1481302000,85906000,73631000,1180614000,0.456137558267,1106983000,0.427689763685,1386000.0,1022463000,0.395034936261,263504000,762541000,0.294612455738,-0.71,-0.69,1514621000,1582549000,https://www.sec.gov/Archives/edgar/data/882095/000088209513000015/0000882095-13-000015-index.htm,https://www.sec.gov/Archives/edgar/data/882095/000088209513000015/a2012form10-k.htm
2012-09-30,GILD,2012-11-06,2012-11-06 16:06:03,Q3,2426597000,597269000,1829328000,0.7538655986140261,465831000,319583000,0.0,-3505000.0,785414000,1382683000,89322000,70996000,1114910000,0.459454124438,1043914000,0.430196691086,-3505000.0,951087000,0.391942708245,280052000,685420000,0.282461405829,0.9,0.85,757032000,783824000,https://www.sec.gov/Archives/edgar/data/882095/000088209512000029/0000882095-12-000029-index.htm,https://www.sec.gov/Archives/edgar/data/882095/000088209512000029/gild2012093010-q.htm
2012-06-30,GILD,2012-08-01,2012-08-01 15:58:47,Q2,2405186000,617345000,1787841000,0.7433275430673553,396244000,332505000,0.0,-1075000.0,728749000,1346094000,88418000,67412000,1126504000,0.468364608808,1059092000,0.440336838814,-1075000.0,969599000,0.403128489855,263525000,706074000,0.293563158941,0.94,0.91,756619000,779246000,https://www.sec.gov/Archives/edgar/data/882095/000088209512000013/0000882095-12-000013-index.htm,https://www.sec.gov/Archives/edgar/data/882095/000088209512000013/gild2012063010-q.htm
2012-03-31,GILD,2012-05-04,2012-05-04 16:26:19,Q1,2282449000,580931000,1701518000,0.7454790884703228,458211000,443121000,0.0,-34085000,901332000,1482263000,97270000,66167000,866353000,0.379571679367,800186000,0.350582203589,-34085000,668831000,0.29303217728,231300000,437531000,0.191693658873,0.58,0.57,756286000,777388000,https://www.sec.gov/Archives/edgar/data/882095/000144530512001487/0001445305-12-001487-index.htm,https://www.sec.gov/Archives/edgar/data/882095/000144530512001487/gild2012033110-q.htm
2011-12-31,GILD,2012-02-23,2012-02-23 16:18:06,FY,2200378000,584447000,1615931000,0.7343879097136946,402236000,346219000,0.0,0.0,748455000,1332902000,74998000,73425000,940901000,0.42760880176,867476000,0.394239535207,26365000,818843000,0.372137423661,157084000,665145000,0.302286698013,0.9,0.89,774903000,790118000,https://www.sec.gov/Archives/edgar/data/882095/000119312512075335/0001193125-12-075335-index.htm,https://www.sec.gov/Archives/edgar/data/882095/000119312512075335/d260199d10k.htm
2011-09-30,GILD,2011-11-04,2011-11-04 16:50:58,Q3,2121660000,531989000,1589671000,0.7492581280695305,290066000,295927000,0.0,0.0,585993000,1117982000,43097000,73001000,1076679000,0.507470094172,1003678000,0.473062601925,14406000,974987000,0.459539700046,237449000,741124000,0.349313273569,0.95,0.93,787272000,802762000,https://www.sec.gov/Archives/edgar/data/882095/000119312511297580/0001193125-11-297580-index.htm,https://www.sec.gov/Archives/edgar/data/882095/000119312511297580/d226980d10q.htm
2011-06-30,GILD,2011-08-05,2011-08-05 16:48:22,Q2,2137253000,533863000,1603390000,0.7502106676186675,282403000,304269000,0.0,0.0,586672000,1120535000,46107000,74892000,1091610000,0.510753757276,1016718000,0.475712515084,11978000,982589000,0.459743886194,240130000,746227000,0.349152393282,0.95,0.93,790430000,806462000,https://www.sec.gov/Archives/edgar/data/882095/000119312511212453/0001193125-11-212453-index.htm,https://www.sec.gov/Archives/edgar/data/882095/000119312511212453/d10q.htm
2011-03-31,GILD,2011-05-09,2011-05-09 16:35:41,Q1,1926094000,474111000,1451983000,0.7538484622245851,254446000,295568000,0.0,0.0,550014000,1024125000,41216000,80914000,982883000,0.510298562791,901969000,0.468289190455,13832000,874585000,0.45407181581,227282000,651141000,0.338062939815,0.82,0.8,796115000,811857000,https://www.sec.gov/Archives/edgar/data/882095/000119312511132405/0001193125-11-132405-index.htm,https://www.sec.gov/Archives/edgar/data/882095/000119312511132405/d10q.htm
2010-12-31,GILD,2011-02-28,2011-02-28 16:40:37,FY,1998687000,496337000,1502350000,0.7516684703507853,392760000,280209000,0.0,0.0,672969000,1169306000,40622000,77517000,906898000,0.45374688483,829381000,0.414962923159,10764000,799523000,0.400024115832,173158000,629419000,0.314916242513,0.78,0.77,856060000,873396000,https://www.sec.gov/Archives/edgar/data/882095/000119312511050041/0001193125-11-050041-index.htm,https://www.sec.gov/Archives/edgar/data/882095/000119312511050041/d10k.htm
2010-09-30,GILD,2010-11-08,2010-11-08 17:02:32,Q3,1937656000,477584000,1460072000,0.7535248774808325,230440000,250559000,0.0,0.0,480999000,958583000,33620000,69053000,1048126000,0.540924704901,979073000,0.505287316221,15593000,961046000,0.495983807239,258883000,704876000,0.363777677771,0.85,0.84,871887000,890216000,https://www.sec.gov/Archives/edgar/data/882095/000119312510252253/0001193125-10-252253-index.htm,https://www.sec.gov/Archives/edgar/data/882095/000119312510252253/d10q.htm
2010-06-30,GILD,2010-08-09,2010-08-09 06:20:57,Q2,1927224000,455525000,1471699000,0.7636367127017928,231066000,248006000,0.0,0.0,479072000,934597000,17764000,58801000,1051428000,0.545566057708,992627000,0.515055333474,18285000,993148000,0.515325670498,284021000,712061000,0.36947495465,0.81,0.79,891649000,913819000,https://www.sec.gov/Archives/edgar/data/882095/000119312510182351/0001193125-10-182351-index.htm,https://www.sec.gov/Archives/edgar/data/882095/000119312510182351/d10q.htm
2010-03-31,GILD,2010-05-10,2010-05-10 16:16:12,Q1,2085853000,440430000,1645423000,0.7888489744962852,218664000,265618000,0.0,0.0,484282000,924712000,16955000,60106000,1221247000,0.585490444437,1161141000,0.556674415695,15645000,1159831000,0.556046375272,307737000,854901000,0.409856782813,0.95,0.92,901606000,928368000,https://www.sec.gov/Archives/edgar/data/882095/000119312510114616/0001193125-10-114616-index.htm,https://www.sec.gov/Archives/edgar/data/882095/000119312510114616/d10q.htm
2009-12-31,GILD,2010-03-01,2010-03-01 16:28:09,FY,2032379000,473399000,1558980000,0.7670714960152609,239645000,253897000,0.0,0.0,493542000,966941000,17290000,20248000,1085686000,0.5341946556227948,1065438000,0.5242319468957316,11299000,1059447000,0.5212841699309037,260054000,799393000,0.3933287049315113,2.91,2.91,904604000,904604000,https://www.sec.gov/Archives/edgar/data/882095/000119312510044753/0001193125-10-044753-index.htm,https://www.sec.gov/Archives/edgar/data/882095/000119312510044753/d10k.htm
2009-09-30,GILD,2009-11-05,2009-11-05 16:44:04,Q3,1801389000,409700000,1391689000,0.772564393365342,269856000,227427000,0.0,0.0,497283000,906983000,17217000,15484000,909890000,0.5051046720058799,894406000,0.49650908271339506,14017000,891206000,0.49473267572967305,220728000,670478000,0.3722005630099884,2.02,2.02,906213000,906213000,https://www.sec.gov/Archives/edgar/data/882095/000119312509225660/0001193125-09-225660-index.htm,https://www.sec.gov/Archives/edgar/data/882095/000119312509225660/d10q.htm
2009-06-30,GILD,2009-08-05,2009-08-05 16:44:30,Q2,1647155000,383045000,1264110000,0.7674505435129055,241638000,261411000,0.0,0.0,503049000,886094000,18484000,15108000,776169000,0.471217948523363,761061000,0.462045769827369,12923000,755500000,0.4586696455403408,186355000,569145000,0.3455321448194007,1.28,1.28,907684000,907684000,https://www.sec.gov/Archives/edgar/data/882095/000119312509165506/0001193125-09-165506-index.htm,https://www.sec.gov/Archives/edgar/data/882095/000119312509165506/d10q.htm
2009-03-31,GILD,2009-05-07,2009-05-07 09:31:27,Q1,1530460000,329414000,1201046000,0.7847614442716568,188779000,203951000,0.0,0.0,392730000,722144000,16671000,13720000,822036000,0.5371169452321525,808316000,0.528152320217451,4158000.0,795803000,0.5199763469806463,209227000,586576000,0.3832677757014231,0.65,0.65,909780000,909780000,https://www.sec.gov/Archives/edgar/data/882095/000119312509102710/0001193125-09-102710-index.htm,https://www.sec.gov/Archives/edgar/data/882095/000119312509102710/d10q.htm
2008-12-31,GILD,2009-02-27,2009-02-27 14:49:37,FY,1428205000,321531000,1106674000,0.7748705542971772,201863000,193665000,0.0,0.0,395528000,717059000,2871000.0,14174000,725320000,0.5078542646188747,711146000,0.49792991902422973,19038000,729682000,0.5109084480169164,161488000,568194000,0.39783784540734696,2.18,2.18,920693000,920693000,https://www.sec.gov/Archives/edgar/data/882095/000119312509040769/0001193125-09-040769-index.htm,https://www.sec.gov/Archives/edgar/data/882095/000119312509040769/d10k.htm
2008-09-30,GILD,2008-10-31,2008-10-31 14:07:57,Q3,1371268000,300183000,1071085000,0.7810909318966096,188062000,189189000,0.0,0.0,377251000,677434000,2951000.0,13767000,707601000,0.5160194797807577,693834000,0.5059798668094057,3637000.0,696680000,0.5080553181434992,192675000,504005000,0.3675466794237159,1.56,1.56,923894000,923894000,https://www.sec.gov/Archives/edgar/data/882095/000119312508221356/0001193125-08-221356-index.htm,https://www.sec.gov/Archives/edgar/data/882095/000119312508221356/d10q.htm
2008-06-30,GILD,2008-08-11,2008-08-08 18:24:45,Q2,1278125000,265684000,1012441000,0.7921298777506113,176542000,219533000,0.0,0.0,396075000,672610000,3174000.0,13072000,618587000,0.4839800488997555,605515000,0.4737525672371638,14026000,618527000,0.48393310513447435,175699000,442828000,0.3464668948655257,1.01,1.01,925455000,925455000,https://www.sec.gov/Archives/edgar/data/882095/000119312508172215/0001193125-08-172215-index.htm,https://www.sec.gov/Archives/edgar/data/882095/000119312508172215/d10q.htm
2008-03-31,GILD,2008-05-02,2008-05-02 17:24:37,Q1,1258152000,239848000,1018304000,0.8093648462188988,155301000,194957000,0.0,0.0,350258000,590106000,3105000.0,10709000,678755000,0.539485690123292,668046000,0.5309739999618488,22700000,689516000,0.5480387107440119,193389000,496127000,0.39432993787714044,0.53,0.53,928104000,928104000,https://www.sec.gov/Archives/edgar/data/882095/000119312508100936/0001193125-08-100936-index.htm,https://www.sec.gov/Archives/edgar/data/882095/000119312508100936/d10q.htm
2007-12-31,GILD,2008-02-27,2008-02-27 17:22:15,FY,1094723000,215542000,879181000,0.803108183531359,184648000,180048000,0.0,0.0,364696000,580238000,2857000.0,10639000,525124000,0.4796866421916777,514485000,0.4699682020017849,29528000,543232000,0.49622781288051865,141590000,401642000,0.366889158261953,1.74,1.74,929133000,929133000,https://www.sec.gov/Archives/edgar/data/882095/000119312508040255/0001193125-08-040255-index.htm,https://www.sec.gov/Archives/edgar/data/882095/000119312508040255/d10k.htm
2007-09-30,GILD,2007-11-02,2007-11-02 16:53:20,Q3,1058803000,198460000,860343000,0.8125619213394749,140357000,172956000,0.0,0.0,313313000,511773000,2989000.0,10278000,557308000,0.5263566499150456,547030000,0.5166494617034519,29502000,576021000,0.544030381477952,177702000,398319000,0.3761974607174328,1.31,1.31,928519000,928519000,https://www.sec.gov/Archives/edgar/data/882095/000119312507233879/0001193125-07-233879-index.htm,https://www.sec.gov/Archives/edgar/data/882095/000119312507233879/d10q.htm
2007-06-30,GILD,2007-08-09,2007-08-08 17:31:21,Q2,1048089000,183131000,864958000,0.8252715179722333,135931000,186179000,0.0,0.0,322110000,505241000,2707000.0,8544000.0,551392000,0.5260927268581199,542848000,0.5179407473983603,27689000,570231000,0.5440673454258178,162301000,407930000,0.3892131298009997,0.88,0.88,929322000,929322000,https://www.sec.gov/Archives/edgar/data/882095/000119312507175829/0001193125-07-175829-index.htm,https://www.sec.gov/Archives/edgar/data/882095/000119312507175829/d10q.htm
2007-03-31,GILD,2007-05-04,2007-05-04 17:15:29,Q1,1028430000,171638000,856792000,0.8331067744037027,130090000,166558000,0.0,0.0,296648000,468286000,4547000.0,7427000.0,567571000,0.5518810225294867,560144000,0.5446593351030211,23104000,580854000,0.5647968262302733,173447000,407407000,0.3961446087725951,0.88,0.88,463470000,463470000,https://www.sec.gov/Archives/edgar/data/882095/000119312507103032/0001193125-07-103032-index.htm,https://www.sec.gov/Archives/edgar/data/882095/000119312507103032/d10q.htm
2006-12-31,GILD,2007-02-27,2007-02-27 17:24:35,FY,899226000,155289000,743937000,0.827308151677109,111620000,147093000,0.0,0.0,258713000,2452485000,5350000.0,-7897000.0,-1561156000,-1.7361108330942387,-1553259000,-1.7273288361324073,32560000,-1523661000,-1.6944138625884928,141986000,-1665647000,-1.8523118771031977,-2.59,-2.59,459106000,459106000,https://www.sec.gov/Archives/edgar/data/882095/000119312507041203/0001193125-07-041203-index.htm,https://www.sec.gov/Archives/edgar/data/882095/000119312507041203/d10k.htm
2006-09-30,GILD,2006-11-06,2006-11-03 19:24:38,Q3,748733000,109791000,638942000,0.8533642833960838,93305000,132530000,0.0,0.0,225835000,691194000,6081000.0,11684000,69223000,0.09245351814331677,57539000,0.07684848938139496,36197000,89295000,0.11926147238067508,141459000,-52164000,-0.06966969533865877,1.04,1.04,458773000,458773000,https://www.sec.gov/Archives/edgar/data/882095/000119312506223996/0001193125-06-223996-index.htm,https://www.sec.gov/Archives/edgar/data/882095/000119312506223996/d10q.htm
2006-06-30,GILD,2006-08-04,2006-08-04 13:55:11,Q2,685302000,77883000,607419000,0.8863522943169581,90536000,151568000,0.0,0.0,242104000,319987000,5207000.0,12590000,377905000,0.5514430134451672,365315000,0.5330715509366674,37360000,398712000,0.581804810142098,133562000,265150000,0.3869097127981532,1.15,1.15,459454000,459454000,https://www.sec.gov/Archives/edgar/data/882095/000119312506162164/0001193125-06-162164-index.htm,https://www.sec.gov/Archives/edgar/data/882095/000119312506162164/d10q.htm
2006-03-31,GILD,2006-05-03,2006-05-03 17:24:49,Q1,692878000,90357000,602521000,0.8695917607428725,88400000,142469000,0.0,0.0,230869000,321226000,3724000.0,11243000,382895000,0.5526153233325347,371652000,0.536388801491749,28525000,397447000,0.5736175776976611,134743000,262704000,0.37914899881364394,0.57,0.57,461425000,461425000,https://www.sec.gov/Archives/edgar/data/882095/000119312506098650/0001193125-06-098650-index.htm,https://www.sec.gov/Archives/edgar/data/882095/000119312506098650/d10q.htm
2005-12-31,GILD,2006-03-03,2006-03-03 16:56:14,FY,609266000,74144000,535122000,0.8783060272524644,68763000,104330000,0.0,0.0,173093000,247237000,392000.0,1381000.0,363410000,0.5964718201901961,362029000,0.5942051583380658,15752000,378986000,0.6220370084659246,97384000,281602000,0.46219877688891225,1.79,1.79,454339000,454339000,https://www.sec.gov/Archives/edgar/data/882095/000119312506045128/0001193125-06-045128-index.htm,https://www.sec.gov/Archives/edgar/data/882095/000119312506045128/d10k.htm
2005-09-30,GILD,2005-11-04,2005-11-04 13:05:18,Q3,493451000,65498000,427953000,0.8672654427693935,78830000,99237000,0.0,0.0,178067000,243565000,26000.0,11332000,261218000,0.5293696841226383,249886000,0.5064048912657995,12491000,263574000,0.5341442210067464,84342000,179232000,0.3632214748779514,1.18,1.18,452923000,452923000,https://www.sec.gov/Archives/edgar/data/882095/000119312505216649/0001193125-05-216649-index.htm,https://www.sec.gov/Archives/edgar/data/882095/000119312505216649/d10q.htm
2005-06-30,GILD,2005-08-04,2005-08-04 16:29:49,Q2,495269000,63269000,432000000,0.8722532603494263,59697000,95546000,0.0,0.0,155243000,218512000,15000.0,6435000.0,283192000,0.5717943178353582,276757000,0.5588013786447364,10528000,288184000,0.5818736888438404,92217000,195967000,0.3956779043307778,0.78,0.78,451255000,451255000,https://www.sec.gov/Archives/edgar/data/882095/000119312505157811/0001193125-05-157811-index.htm,https://www.sec.gov/Archives/edgar/data/882095/000119312505157811/d10q.htm
2005-03-31,GILD,2005-05-06,2005-05-06 13:48:20,Q1,430414000,57415000,372999000,0.8666051754822102,70434000,80135000,0.0,0.0,150569000,207984000,9000.0,6137000.0,228567000,0.5310398825317021,222430000,0.5167815173298266,8366000.0,231048000,0.5368041002383751,73935000,157113000,0.3650276245661154,0.35,0.35,449549000,449549000,https://www.sec.gov/Archives/edgar/data/882095/000110465905021130/0001104659-05-021130-index.htm,https://www.sec.gov/Archives/edgar/data/882095/000110465905021130/a05-7911_110q.htm
2004-12-31,GILD,2005-03-14,2005-03-14 16:16:57,FY,369585000,48704000,320881000,0.8682197600010823,70160000,85423000,0.0,0.0,155583000,204287000,1143000.0,2286000.0,167584000,0.4534383159489698,165298000,0.44725299998647133,5803000.0,162520000,0.4397364611659023,52276000,110244000,0.29829132675839115,1.04,1.04,464246000,464246000,https://www.sec.gov/Archives/edgar/data/882095/000110465905010858/0001104659-05-010858-index.htm,https://www.sec.gov/Archives/edgar/data/882095/000110465905010858/a05-1830_110k.htm
2004-09-30,GILD,2004-11-04,2004-11-04 16:12:09,Q3,326187000,40842000,285345000,0.8747896145462573,49204000,72371000,0.0,0.0,121575000,162417000,2042000.0,6118000.0,169888000,0.52083007599935,163770000,0.5020739637079344,4801000.0,166529000,0.5105323020230726,53289000,113240000,0.34716282377899793,0.79,0.79,429230000,429230000,https://www.sec.gov/Archives/edgar/data/882095/000110465904033596/0001104659-04-033596-index.htm,https://www.sec.gov/Archives/edgar/data/882095/000110465904033596/a04-12383_110q.htm
2004-06-30,GILD,2004-08-06,2004-08-06 16:27:46,Q2,319722000,42092000,277630000,0.8683481274357098,50510000,68922000,0.0,0.0,119432000,161524000,2071000.0,6011000.0,164209000,0.5135993144043888,158198000,0.49479860628921374,5408000.0,161535000,0.5052357986000338,50076000,111459000,0.34861223187644264,1.06,1.06,214098000,214098000,https://www.sec.gov/Archives/edgar/data/882095/000110465904023021/0001104659-04-023021-index.htm,https://www.sec.gov/Archives/edgar/data/882095/000110465904023021/a04-8698_110q.htm
2004-03-31,GILD,2004-05-05,2004-05-05 17:20:29,Q1,309127000,34949000,274178000,0.8869429069605697,53678000,76077000,0.0,0.0,129755000,164704000,2089000.0,5850000.0,150273000,0.4861205912133201,144423000,0.4671963303108431,2928000.0,165838000,0.5364720648794832,51410000,114428000,0.3701650130852368,0.54,0.54,213634000,213634000,https://www.sec.gov/Archives/edgar/data/882095/000110465904012693/0001104659-04-012693-index.htm,https://www.sec.gov/Archives/edgar/data/882095/000110465904012693/a04-5360_110q.htm
2003-12-31,GILD,2004-03-11,2004-03-11 15:54:09,FY,263517000,33277000,230240000,0.873719722067267,53267000,78777000,0.0,0.0,132044000,175540000,5176000.0,1831000.0,89808000,0.3408053370370792,87977000,0.33385701871226525,2462000.0,85263000,0.3235578729266044,-107320000,192583000,0.7308181255858256,-0.36,-0.36,200008333,200008333,https://www.sec.gov/Archives/edgar/data/882095/000110465904007080/0001104659-04-007080-index.htm,https://www.sec.gov/Archives/edgar/data/882095/000110465904007080/a04-3258_110k.htm
2003-09-30,GILD,2003-11-12,2003-11-12 15:49:56,Q3,200372000,25936000,174436000,0.8705607569919949,31671000,63592000,0.0,0.0,95263000,121199000,5538000.0,5152000.0,84325000,0.4208422334457908,79173000,0.39513005809194895,10577000,76951000,0.3840406843271515,3855000.0,73096000,0.36480146926716306,-1.32,-1.32,200443939,200443939,https://www.sec.gov/Archives/edgar/data/882095/000110465903025790/0001104659-03-025790-index.htm,https://www.sec.gov/Archives/edgar/data/882095/000110465903025790/a03-5035_110q.htm
2003-06-30,GILD,2003-08-14,2003-08-13 20:35:31,Q2,238870000,32106000,206764000,0.8655921631012685,38795000,60197000,0.0,0.0,98992000,131098000,5569000.0,4951000.0,112723000,0.4719010340352493,107772000,0.4511742788964709,0.0,105647000,0.44227822665047933,5275000.0,100372000,0.4201950851927827,-1.69,-1.69,199288000,199288000,https://www.sec.gov/Archives/edgar/data/882095/000110465903018298/0001104659-03-018298-index.htm,https://www.sec.gov/Archives/edgar/data/882095/000110465903018298/a03-2433_110q.htm
2003-03-31,GILD,2003-05-15,2003-05-15 15:32:41,Q1,165105000,21372000,143733000,0.8705551012991732,41140000,47591000,0.0,0.0,88731000,598702000,5614000.0,4599000.0,-428998000,-2.598334393264892,-433597000,-2.6261893946276613,0.0,-435394000,-2.637073377547621,2660000.0,-438054000,-2.653184337239938,-2.21,-2.21,198214479,198214479,https://www.sec.gov/Archives/edgar/data/882095/000110465903010341/0001104659-03-010341-index.htm,https://www.sec.gov/Archives/edgar/data/882095/000110465903010341/j0618_10q.htm
2002-12-31,GILD,2003-03-14,2003-03-13 21:59:46,FY,332806000,49312000,283494000,0.8518295944183698,99420000,138984000,0.0,0.0,238404000,287716000,10408000,2650000.0,47740000,0.14344693304808206,45090000,0.1354843362198999,22291000,52090000,0.15651761086038113,750000.0,51340000,0.15426404572032956,0.37,0.37,195543000,195543000,https://www.sec.gov/Archives/edgar/data/882095/000104746903008695/0001047469-03-008695-index.htm,https://www.sec.gov/Archives/edgar/data/882095/000104746903008695/a2105292z10-k.htm
2002-09-30,GILD,2002-11-14,2002-11-14 17:22:30,Q3,24621000,2694000.0,21927000,0.8905812111612038,4487000.0,717000.0,0.0,0.0,5204000.0,7898000.0,-10000.0,3748000.0,20471000,0.8314447016774298,16723000,0.6792169286381544,0.0,958000.0,0.03890987368506559,-88000.0,1046000.0,0.042484058324194794,0.11,0.11,196140000,196140000,https://www.sec.gov/Archives/edgar/data/882095/000104746902003128/0001047469-02-003128-index.htm,https://www.sec.gov/Archives/edgar/data/882095/000104746902003128/a2093687z10-q.htm
2002-06-30,GILD,2002-08-13,2002-08-13 16:27:25,Q2,30947000,5676000.0,25271000,0.8165896532781853,-2703000.0,1837000.0,0.0,0.0,-866000.0,4810000.0,-27000.0,3433000.0,29570000,0.9555045723333441,26137000,0.8445729796103015,0.0,25163000,0.8130998158141338,1602000.0,23561000,0.7613338934307041,0.1,0.1,195167000,195167000,https://www.sec.gov/Archives/edgar/data/882095/000091205702031571/0000912057-02-031571-index.htm,https://www.sec.gov/Archives/edgar/data/882095/000091205702031571/a2086245z10-q.htm
2002-03-31,GILD,2002-05-15,2002-05-15 13:48:25,Q1,78416000,12042000,66374000,0.8464344011426239,33554000,39763000,0.0,0.0,73317000,85359000,3482000.0,3358000.0,-3585000.0,-0.04571771067129157,-6943000.0,-0.08854060395837585,0.0,-4814000.0,-0.0613905325443787,-964000.0,-3850000.0,-0.049097123036115076,-0.02,-0.02,192500000,192500000,https://www.sec.gov/Archives/edgar/data/882095/000091205702020642/0000912057-02-020642-index.htm,https://www.sec.gov/Archives/edgar/data/882095/000091205702020642/a2079649z10-q.htm
2001-12-31,GILD,2002-03-27,2002-03-27 00:00:00,FY,182854000,34556000,148298000,0.8110186268826496,139825000,93094000,0.0,0.0,232919000,267475000,10467000,3845000.0,-80776000,-0.44175134260120097,-84621000,-0.46277904776488343,0.0,81969000,0.44827567348813807,3961000.0,77467000,0.4236549378192438,0.27,0.27,190245000,190245000,https://www.sec.gov/Archives/edgar/data/882095/000091205702011690/0000912057-02-011690-index.htm,https://www.sec.gov/Archives/edgar/data/882095/000091205702011690/a2073842z10-k.htm
2001-09-30,GILD,2001-11-13,2001-11-13 00:00:00,Q3,228000.0,1589000.0,-1361000.0,-5.969298245614035,1650000.0,2340000.0,0.0,0.0,3990000.0,2401000.0,77000.0,3793000.0,1620000.0,7.105263157894737,-2173000.0,-9.530701754385966,0.0,6302000.0,27.640350877192983,-149000.0,7191000.0,31.539473684210527,-0.26,-0.26,96907692,96907692,https://www.sec.gov/Archives/edgar/data/882095/000091205701538726/0000912057-01-538726-index.htm,https://www.sec.gov/Archives/edgar/data/882095/000091205701538726/a2062903z10-q.htm
2001-06-30,GILD,2001-08-14,2001-08-14 00:00:00,Q2,50687000,10797000,39890000,0.7869868013494584,44078000,29707000,0.0,0.0,73785000,84582000,3436000.0,3608000.0,-30287000,-0.5975299386430446,-33895000,-0.6687118985144119,0.0,-30824000,-0.6081243711405291,323000.0,-32387000,-0.6389606802533194,-0.34,-0.34,95255882,95255882,https://www.sec.gov/Archives/edgar/data/882095/000091205701528463/0000912057-01-528463-index.htm,https://www.sec.gov/Archives/edgar/data/882095/000091205701528463/a2056683z10-q.htm
