date,symbol,fillingDate,acceptedDate,period,revenue,costOfRevenue,grossProfit,grossProfitRatio,researchAndDevelopmentExpenses,generalAndAdministrativeExpenses,sellingAndMarketingExpenses,otherExpenses,operatingExpenses,costAndExpenses,interestExpense,depreciationAndAmortization,ebitda,ebitdaratio,operatingIncome,operatingIncomeRatio,totalOtherIncomeExpensesNet,incomeBeforeTax,incomeBeforeTaxRatio,incomeTaxExpense,netIncome,netIncomeRatio,eps,epsdiluted,weightedAverageShsOut,weightedAverageShsOutDil,link,finalLink
2020-03-31,GS,2020-05-01,2020-04-30 19:30:05,Q1,8743000000,0.0,8743000000,1.0,0.0,0.0,0.0,6458000000,6458000000,6458000000,-3437000000,437000000,437000000,0.04998284341759122,0.0,0.0,0.0,0.0,0.0,0.0,0.0,0.0,0.358,0.36110000000000003,0.0,0.0,https://www.sec.gov/Archives/edgar/data/886982/000119312520129324/0001193125-20-129324-index.htm,https://www.sec.gov/Archives/edgar/data/886982/000119312520129324/d907802d10q.htm
2019-12-31,GS,2020-02-21,2020-02-20 21:09:56,FY,9955000000,0.0,9955000000,1.0,308000000,3046000000,0.0,7298000000,3354000000,3354000000,3857000000,464000000,2785000000,0.279758915118,2321000000,0.233149171271,0.0,2321000000,0.233149171271,404000000,1917000000,0.192566549473,4.75,4.71,371600000,375500000,https://www.sec.gov/Archives/edgar/data/886982/000119312520043853/0001193125-20-043853-index.htm,https://www.sec.gov/Archives/edgar/data/886982/000119312520043853/d826673d10k.htm
2019-09-30,GS,2019-11-01,2019-10-31 18:43:06,Q3,8323000000,0.0,8323000000,1.0,283000000,2731000000,0.0,5616000000,3014000000,3014000000,4451000000,473000000,2889000000,0.347110416917,2416000000,0.290279947134,0.0,2416000000,0.290279947134,539000000,1877000000,0.225519644359,4.84,4.8,374700000,378200000,https://www.sec.gov/Archives/edgar/data/886982/000119312519280752/0001193125-19-280752-index.htm,https://www.sec.gov/Archives/edgar/data/886982/000119312519280752/d790566d10q.htm
2019-06-30,GS,2019-08-05,2019-08-05 08:42:44,Q2,9461000000,0.0,9461000000,1.0,290000000,3317000000,0.0,6120000000,3607000000,3607000000,4689000000,399000000,3526000000,0.372687876546,3127000000,0.330514744742,0.0,3127000000,0.330514744742,706000000,2421000000,0.255892611775,5.86,5.81,377100000,380200000,https://www.sec.gov/Archives/edgar/data/886982/000119312519212578/0001193125-19-212578-index.htm,https://www.sec.gov/Archives/edgar/data/886982/000119312519212578/d105283d10q.htm
2019-03-31,GS,2019-05-06,2019-05-03 20:02:30,Q1,8807000000,0.0,8807000000,1.0,286000000,3259000000,0.0,5864000000,3545000000,3545000000,4379000000,368000000,3087000000,0.350516634495,2719000000,0.308731690701,0.0,2719000000,0.308731690701,468000000,2251000000,0.255592142614,5.73,5.71,379800000,382400000,https://www.sec.gov/Archives/edgar/data/886982/000119312519137184/0001193125-19-137184-index.htm,https://www.sec.gov/Archives/edgar/data/886982/000119312519137184/d729034d10q.htm
2018-12-31,GS,2019-02-26,2019-02-25 19:51:24,FY,8532000000,0.0,8532000000,1.0,262000000,1656000000,0.0,5150000000,1918000000,1918000000,4477000000,377000000,3085000000,0.361579934365,2708000000,0.31739334271,0.0,2708000000,0.31739334271,170000000,2538000000,0.29746835443,6.11,6.06,385400000,390200000,https://www.sec.gov/Archives/edgar/data/886982/000119312519050198/0001193125-19-050198-index.htm,https://www.sec.gov/Archives/edgar/data/886982/000119312519050198/d669877d10k.htm
2018-09-30,GS,2018-11-02,2018-11-02 17:09:30,Q3,8646000000,0.0,8646000000,1.0,250000000,3091000000,0.0,5568000000,3341000000,3341000000,4205000000,317000000,3395000000,0.392667129308,3078000000,0.35600277585,0.0,3078000000,0.35600277585,554000000,2524000000,0.291926902614,6.35,6.28,387400000,392300000,https://www.sec.gov/Archives/edgar/data/886982/000119312518317325/0001193125-18-317325-index.htm,https://www.sec.gov/Archives/edgar/data/886982/000119312518317325/d631824d10q.htm
2018-06-30,GS,2018-08-03,2018-08-02 19:39:19,Q2,9402000000,0.0,9402000000,1.0,260000000,3466000000,0.0,6126000000,3726000000,3726000000,3918000000,335000000,3611000000,0.38406721974,3276000000,0.348436502872,0.0,3276000000,0.348436502872,711000000,2565000000,0.272814294831,6.05,5.98,388400000,393200000,https://www.sec.gov/Archives/edgar/data/886982/000119312518236920/0001193125-18-236920-index.htm,https://www.sec.gov/Archives/edgar/data/886982/000119312518236920/d352886d10q.htm
2018-03-31,GS,2018-05-04,2018-05-03 19:19:58,Q1,10036000000,0.0,10036000000,1.0,251000000,4115000000,0.0,6617000000,4366000000,4366000000,3312000000,299000000,3718000000,0.370466321244,3419000000,0.34067357513,0.0,3419000000,0.34067357513,587000000,2832000000,0.282184137106,7.02,6.95,389100000,393800000,https://www.sec.gov/Archives/edgar/data/886982/000119312518151188/0001193125-18-151188-index.htm,https://www.sec.gov/Archives/edgar/data/886982/000119312518151188/d535211d10q.htm
2017-12-31,GS,2018-02-26,2018-02-23 20:16:10,FY,7834000000,0.0,7834000000,1.0,230000000,2157000000,0.0,758000000,2387000000,2387000000,2838000000,350000000,3458000000,0.441409241767,3108000000,0.396732193005,0.0,3108000000,0.396732193005,5036000000,-1928000000,-0.246106714322,-5.2,-5.1,401600000,409100000,https://www.sec.gov/Archives/edgar/data/886982/000119312518056383/0001193125-18-056383-index.htm,https://www.sec.gov/Archives/edgar/data/886982/000119312518056383/d480167d10k.htm
2017-09-30,GS,2017-11-03,2017-11-02 19:15:48,Q3,8326000000,0.0,8326000000,1.0,220000000,3172000000,0.0,5350000000,3392000000,3392000000,2681000000,280000000,3256000000,0.39106413644,2976000000,0.357434542397,0.0,2976000000,0.357434542397,848000000,2128000000,0.255584914725,5.08,5.01,405600000,413000000,https://www.sec.gov/Archives/edgar/data/886982/000119312517331475/0001193125-17-331475-index.htm,https://www.sec.gov/Archives/edgar/data/886982/000119312517331475/d464365d10q.htm
2017-06-30,GS,2017-08-04,2017-08-03 20:35:29,Q2,7887000000,0.0,7887000000,1.0,224000000,3233000000,0.0,5378000000,3457000000,3457000000,2432000000,265000000,2774000000,0.35171801699,2509000000,0.318118422721,0.0,2509000000,0.318118422721,678000000,1831000000,0.232154177761,4.01,3.95,409300000,416700000,https://www.sec.gov/Archives/edgar/data/886982/000119312517247803/0001193125-17-247803-index.htm,https://www.sec.gov/Archives/edgar/data/886982/000119312517247803/d416122d10q.htm
2017-03-31,GS,2017-05-04,2017-05-03 19:43:50,Q1,8026000000,0.0,8026000000,1.0,223000000,3291000000,0.0,5487000000,3514000000,3514000000,2230000000,257000000,2796000000,0.348367804635,2539000000,0.316346872664,0.0,2539000000,0.316346872664,284000000,2255000000,0.28096187391,5.23,5.15,412500000,420100000,https://www.sec.gov/Archives/edgar/data/886982/000119312517156659/0001193125-17-156659-index.htm,https://www.sec.gov/Archives/edgar/data/886982/000119312517156659/d369549d10q.htm
2016-12-31,GS,2017-02-27,2017-02-24 19:08:26,FY,8170000000,0.0,8170000000,1.0,200000000,2447000000,0.0,675000000,2647000000,2647000000,2088000000,267000000,3664000000,0.44847001224,3397000000,0.415789473684,0.0,3397000000,0.415789473684,1050000000,2347000000,0.287270501836,5.13,5.05,427400000,435100000,https://www.sec.gov/Archives/edgar/data/886982/000119312517056804/0001193125-17-056804-index.htm,https://www.sec.gov/Archives/edgar/data/886982/000119312517056804/d308759d10k.htm
2016-09-30,GS,2016-11-03,2016-11-02 18:36:26,Q3,8168000000,0.0,8168000000,1.0,207000000,3207000000,0.0,5300000000,3414000000,3414000000,1775000000,247000000,3115000000,0.381366307542,2868000000,0.351126346719,0.0,2868000000,0.351126346719,774000000,2094000000,0.256366307542,4.93,4.85,431500000,438800000,https://www.sec.gov/Archives/edgar/data/886982/000119312516757421/0001193125-16-757421-index.htm,https://www.sec.gov/Archives/edgar/data/886982/000119312516757421/d249880d10q.htm
2016-06-30,GS,2016-08-04,2016-08-03 18:49:31,Q2,7932000000,0.0,7932000000,1.0,205000000,3331000000,0.0,5469000000,3536000000,3536000000,1776000000,245000000,2708000000,0.341401916288,2463000000,0.310514372163,0.0,2463000000,0.310514372163,641000000,1822000000,0.229702471004,3.76,3.71,436200000,443200000,https://www.sec.gov/Archives/edgar/data/886982/000119312516670394/0001193125-16-670394-index.htm,https://www.sec.gov/Archives/edgar/data/886982/000119312516670394/d220861d10q.htm
2016-03-31,GS,2016-05-06,2016-05-05 19:22:26,Q1,6338000000,0.0,6338000000,1.0,197000000,2662000000,0.0,4762000000,2859000000,2859000000,1465000000,239000000,1815000000,0.286367939413,1576000000,0.248658882928,0.0,1576000000,0.248658882928,441000000,1135000000,0.179078573683,2.71,2.68,440800000,447400000,https://www.sec.gov/Archives/edgar/data/886982/000119312516580382/0001193125-16-580382-index.htm,https://www.sec.gov/Archives/edgar/data/886982/000119312516580382/d137661d10q.htm
2015-12-31,GS,2016-02-22,2016-02-19 19:11:09,FY,7273000000,0.0,7273000000,1.0,205000000,2059000000,0.0,686000000,2264000000,2264000000,1448000000,285000000,1357000000,0.186580503231,1072000000,0.147394472707,0.0,1072000000,0.147394472707,307000000,765000000,0.105183555617,1.32,1.3,448900000,458600000,https://www.sec.gov/Archives/edgar/data/886982/000119312516470289/0001193125-16-470289-index.htm,https://www.sec.gov/Archives/edgar/data/886982/000119312516470289/d107036d10k.htm
2015-09-30,GS,2015-11-03,2015-11-02 20:23:45,Q3,6861000000,0.0,6861000000,1.0,200000000,2351000000,0.0,4815000000,2551000000,2551000000,1277000000,222000000,2268000000,0.330564057718,2046000000,0.298207258417,0.0,2046000000,0.298207258417,620000000,1426000000,0.207841422533,2.96,2.91,451200000,460900000,https://www.sec.gov/Archives/edgar/data/886982/000119312515362853/0001193125-15-362853-index.htm,https://www.sec.gov/Archives/edgar/data/886982/000119312515362853/d22013d10q.htm
2015-06-30,GS,2015-08-03,2015-07-31 18:03:19,Q2,9069000000,0.0,9069000000,1.0,203000000,3809000000,0.0,7343000000,4012000000,4012000000,1487000000,265000000,1991000000,0.219539089205,1726000000,0.19031866799,0.0,1726000000,0.19031866799,678000000,1048000000,0.115558495975,2.02,1.99,452300000,462100000,https://www.sec.gov/Archives/edgar/data/886982/000119312515273233/0001193125-15-273233-index.htm,https://www.sec.gov/Archives/edgar/data/886982/000119312515273233/d934020d10q.htm
2015-03-31,GS,2015-05-05,2015-05-04 20:10:37,Q1,10617000000,0.0,10617000000,1.0,198000000,4459000000,0.0,6683000000,4657000000,4657000000,1176000000,219000000,4153000000,0.391165112555,3934000000,0.370537816709,0.0,3934000000,0.370537816709,1090000000,2844000000,0.267872280305,6.05,5.94,453300000,462900000,https://www.sec.gov/Archives/edgar/data/886982/000119312515169551/0001193125-15-169551-index.htm,https://www.sec.gov/Archives/edgar/data/886982/000119312515169551/d894305d10q.htm
2014-12-31,GS,2015-02-23,2015-02-20 21:44:35,FY,7688000000,0.0,7688000000,1.0,203000000,1955000000,0.0,693000000,2158000000,2158000000,1173000000,352000000,3562000000,0.463319458897,3210000000,0.417533818939,0.0,3210000000,0.417533818939,1044000000,2166000000,0.281737773153,4.5,4.38,458900000,473200000,https://www.sec.gov/Archives/edgar/data/886982/000119312515056785/0001193125-15-056785-index.htm,https://www.sec.gov/Archives/edgar/data/886982/000119312515056785/d840464d10k.htm
2014-09-30,GS,2014-11-05,2014-11-04 19:48:28,Q3,8387000000,0.0,8387000000,1.0,190000000,2801000000,0.0,5082000000,2991000000,2991000000,1248000000,301000000,3606000000,0.429951114821,3305000000,0.39406223918,0.0,3305000000,0.39406223918,1064000000,2241000000,0.267199236914,4.69,4.56,461800000,476500000,https://www.sec.gov/Archives/edgar/data/886982/000119312514396758/0001193125-14-396758-index.htm,https://www.sec.gov/Archives/edgar/data/886982/000119312514396758/d794101d10q.htm
2014-06-30,GS,2014-08-07,2014-08-06 18:42:14,Q2,9125000000,0.0,9125000000,1.0,186000000,3924000000,0.0,6304000000,4110000000,4110000000,1579000000,294000000,3115000000,0.341369863014,2821000000,0.309150684932,0.0,2821000000,0.309150684932,784000000,2037000000,0.223232876712,4.21,4.11,465100000,480100000,https://www.sec.gov/Archives/edgar/data/886982/000119312514298671/0001193125-14-298671-index.htm,https://www.sec.gov/Archives/edgar/data/886982/000119312514298671/d746051d10q.htm
2014-03-31,GS,2014-05-09,2014-05-08 19:22:16,Q1,9328000000,0.0,9328000000,1.0,200000000,4011000000,0.0,6307000000,4211000000,4211000000,1557000000,390000000,3411000000,0.365673241852,3021000000,0.323863636364,0.0,3021000000,0.323863636364,988000000,2033000000,0.217945969125,4.15,4.02,468600000,484600000,https://www.sec.gov/Archives/edgar/data/886982/000119312514190498/0001193125-14-190498-index.htm,https://www.sec.gov/Archives/edgar/data/886982/000119312514190498/d706505d10q.htm
2013-12-31,GS,2014-02-28,2014-02-27 19:38:13,FY,7981000000,0.0,7981000000,1.0,0.0,12613000000,0.0,5230000000,12613000000,12613000000,6668000000,474000000,11737000000,0.05939105375266257,11737000000,0.0,0.0,11737000000,0.0,3697000000,8040000000,0.0,0.0,0.0,0.0,0.0,https://www.sec.gov/Archives/edgar/data/886982/000119312514073792/0001193125-14-073792-index.htm,https://www.sec.gov/Archives/edgar/data/886982/000119312514073792/d655877d10k.htm
2013-09-30,GS,2013-11-07,2013-11-06 20:15:16,Q3,5882000000,0.0,5882000000,1.0,0.0,0.0,0.0,4555000000,4555000000,4555000000,0.0,280000000,280000000,0.047602856171370285,0.0,0.0,0.0,0.0,0.0,0.0,0.0,0.0,0.0,0.0,0.0,0.0,https://www.sec.gov/Archives/edgar/data/886982/000119312513430752/0001193125-13-430752-index.htm,https://www.sec.gov/Archives/edgar/data/886982/000119312513430752/d590232d10q.htm
2013-06-30,GS,2013-08-08,2013-08-07 18:48:16,Q2,7786000000,0.0,7786000000,1.0,0.0,0.0,0.0,5967000000,5967000000,5967000000,0.0,266000000,266000000,0.03416388389416902,0.0,0.0,0.0,0.0,0.0,0.0,0.0,0.0,0.0,0.0,0.0,0.0,https://www.sec.gov/Archives/edgar/data/886982/000119312513324664/0001193125-13-324664-index.htm,https://www.sec.gov/Archives/edgar/data/886982/000119312513324664/d548138d10q.htm
2013-03-31,GS,2013-05-09,2013-05-08 18:36:23,Q1,9165000000,0.0,9165000000,1.0,0.0,0.0,0.0,6717000000,6717000000,6717000000,0.0,302000000,302000000,0.03295144571740317,0.0,0.0,0.0,0.0,0.0,0.0,0.0,0.0,0.0,0.0,0.0,0.0,https://www.sec.gov/Archives/edgar/data/886982/000119312513208066/0001193125-13-208066-index.htm,https://www.sec.gov/Archives/edgar/data/886982/000119312513208066/d513857d10q.htm
2012-12-31,GS,2013-03-01,2013-02-28 21:27:42,FY,5356000000,0.0,5356000000,1.0,0.0,0.0,0.0,4923000000,4923000000,4923000000,0.0,500000000,500000000,0.09335324869305452,0.0,0.0,0.0,4088000000,0.0,4088000000,0.0,0.0,0.0,0.0,0.0,0.0,https://www.sec.gov/Archives/edgar/data/886982/000119312513085474/0001193125-13-085474-index.htm,https://www.sec.gov/Archives/edgar/data/886982/000119312513085474/d446679d10k.htm
2012-09-30,GS,2012-11-08,2012-11-08 06:37:02,Q3,10422000000,0.0,10422000000,1.0,0.0,0.0,0.0,6053000000,6053000000,6053000000,0.0,396000000,396000000,0.037996545768566495,0.0,0.0,0.0,0.0,0.0,0.0,0.0,0.0,0.0,0.0,0.0,0.0,https://www.sec.gov/Archives/edgar/data/886982/000119312512458820/0001193125-12-458820-index.htm,https://www.sec.gov/Archives/edgar/data/886982/000119312512458820/d411053d10q.htm
2012-06-30,GS,2012-08-09,2012-08-08 19:06:33,Q2,5537000000,0.0,5537000000,1.0,0.0,0.0,0.0,5212000000,5212000000,5212000000,0.0,409000000,409000000,0.07386671482752392,0.0,0.0,0.0,0.0,0.0,0.0,0.0,0.0,0.0,0.0,0.0,0.0,https://www.sec.gov/Archives/edgar/data/886982/000119312512344636/0001193125-12-344636-index.htm,https://www.sec.gov/Archives/edgar/data/886982/000119312512344636/d365261d10q.htm
2012-03-31,GS,2012-05-10,2012-05-09 18:36:02,Q1,8968000000,0.0,8968000000,1.0,0.0,0.0,0.0,6768000000,6768000000,6768000000,0.0,433000000,433000000,0.048282783229259586,0.0,0.0,0.0,0.0,0.0,0.0,0.0,0.0,0.0,0.0,0.0,0.0,https://www.sec.gov/Archives/edgar/data/886982/000119312512222707/0001193125-12-222707-index.htm,https://www.sec.gov/Archives/edgar/data/886982/000119312512222707/d330759d10q.htm
2011-12-31,GS,2012-02-28,2012-02-28 17:22:17,FY,4984000000,0.0,4984000000,1.0,0.0,0.0,0.0,4802000000,4802000000,4802000000,0.0,514000000,514000000,0.10313001605136436,0.0,0.0,0.0,0.0,0.0,0.0,0.0,0.0,0.0,0.0,0.0,0.0,https://www.sec.gov/Archives/edgar/data/886982/000119312512085822/0001193125-12-085822-index.htm,https://www.sec.gov/Archives/edgar/data/886982/000119312512085822/d276319d10k.htm
2011-09-30,GS,2011-11-09,2011-11-08 19:12:38,Q3,2231000000,0.0,2231000000,1.0,0.0,0.0,0.0,4317000000,4317000000,4317000000,0.0,389000000,389000000,0.17436127297176154,-5652000000,0.0,0.0,-5652000000,0.0,0.0,-5652000000,0.0,0.0,0.0,0.0,0.0,https://www.sec.gov/Archives/edgar/data/886982/000095012311096618/0000950123-11-096618-index.htm,https://www.sec.gov/Archives/edgar/data/886982/000095012311096618/y92435e10vq.htm
2011-06-30,GS,2011-08-09,2011-08-08 19:34:31,Q2,5868000000,0.0,5868000000,1.0,0.0,0.0,0.0,5669000000,5669000000,5669000000,0.0,372000000,5652000000,0.06339468302658487,5652000000,0.0,0.0,5652000000,0.0,0.0,5652000000,0.0,0.0,0.0,0.0,0.0,https://www.sec.gov/Archives/edgar/data/886982/000095012311074589/0000950123-11-074589-index.htm,https://www.sec.gov/Archives/edgar/data/886982/000095012311074589/y91384e10vq.htm
2011-03-31,GS,2011-05-10,2011-05-09 19:31:25,Q1,10536000000,0.0,10536000000,1.0,0.0,0.0,0.0,7854000000,7854000000,7854000000,0.0,594000000,594000000,0.056378132118451024,0.0,0.0,0.0,0.0,0.0,0.0,0.0,0.0,0.0,0.0,0.0,0.0,https://www.sec.gov/Archives/edgar/data/886982/000095012311047633/0000950123-11-047633-index.htm,https://www.sec.gov/Archives/edgar/data/886982/000095012311047633/y90630e10vq.htm
2010-12-31,GS,2011-03-01,2011-02-28 21:34:23,FY,9880000000,0.0,9880000000,1.0,0.0,0.0,0.0,661000000,661000000,661000000,0.0,-1030000000,-1030000000,-0.10425101214574899,0.0,0.0,0.0,0.0,0.0,0.0,0.0,0.0,0.0,0.0,0.0,0.0,https://www.sec.gov/Archives/edgar/data/886982/000095012311020067/0000950123-11-020067-index.htm,https://www.sec.gov/Archives/edgar/data/886982/000095012311020067/y88213e10vk.htm
2010-09-30,GS,2010-11-09,2010-11-08 18:54:48,Q3,7775000000,0.0,7775000000,1.0,0.0,0.0,0.0,6092000000,6092000000,6092000000,0.0,358000000,358000000,0.04604501607717042,0.0,0.0,0.0,0.0,0.0,0.0,0.0,0.0,0.0,0.0,0.0,0.0,https://www.sec.gov/Archives/edgar/data/886982/000095012310102658/0000950123-10-102658-index.htm,https://www.sec.gov/Archives/edgar/data/886982/000095012310102658/y86940e10vq.htm
2010-06-30,GS,2010-08-09,2010-08-06 18:20:06,Q2,7222000000,0.0,7222000000,1.0,0.0,0.0,0.0,7393000000,7393000000,7393000000,0.0,440000000,440000000,0.06092495153697037,0.0,0.0,0.0,0.0,0.0,0.0,0.0,0.0,0.0,0.0,0.0,0.0,https://www.sec.gov/Archives/edgar/data/886982/000095012310074469/0000950123-10-074469-index.htm,https://www.sec.gov/Archives/edgar/data/886982/000095012310074469/y81145e10vq.htm
2010-03-31,GS,2010-05-10,2010-05-07 18:39:11,Q1,11357000000,0.0,11357000000,1.0,0.0,0.0,0.0,7616000000,7616000000,7616000000,0.0,375000000,375000000,0.03301928326142467,0.0,0.0,0.0,0.0,0.0,0.0,0.0,0.0,0.0,0.0,0.0,0.0,https://www.sec.gov/Archives/edgar/data/886982/000095012310046612/0000950123-10-046612-index.htm,https://www.sec.gov/Archives/edgar/data/886982/000095012310046612/y84220e10vq.htm
2009-12-31,GS,2010-03-01,2010-02-26 18:20:23,FY,18224000000,0.0,18224000000,1.0,0.0,0.0,0.0,1671000000,1671000000,1671000000,-3112000000,-1406000000,-1406000000,-0.07715100965759437,0.0,0.0,0.0,0.0,0.0,0.0,0.0,0.0,0.0,0.0,0.0,0.0,https://www.sec.gov/Archives/edgar/data/886982/000095012310018464/0000950123-10-018464-index.htm,https://www.sec.gov/Archives/edgar/data/886982/000095012310018464/y81914e10vk.htm
2009-09-25,GS,2009-11-04,2009-11-03 20:22:28,Q3,10682000000,0.0,10682000000,1.0,0.0,0.0,0.0,7578000000,7578000000,7578000000,-1310000000,373000000,373000000,0.03491855457779442,0.0,0.0,0.0,0.0,0.0,0.0,0.0,0.0,14.6,13.74,0.0,0.0,https://www.sec.gov/Archives/edgar/data/886982/000095012309057080/0000950123-09-057080-index.htm,https://www.sec.gov/Archives/edgar/data/886982/000095012309057080/y79196e10vq.htm
2009-06-26,GS,2009-08-05,2009-08-05 06:10:19,Q2,11719000000,0.0,11719000000,1.0,0.0,0.0,0.0,8732000000,8732000000,8732000000,-1428000000,565000000,565000000,0.04821230480416418,0.0,0.0,0.0,0.0,0.0,0.0,0.0,0.0,8.81,8.42,0.0,0.0,https://www.sec.gov/Archives/edgar/data/886982/000095012309029919/0000950123-09-029919-index.htm,https://www.sec.gov/Archives/edgar/data/886982/000095012309029919/y78466e10vq.htm
2009-03-27,GS,2009-05-06,2009-05-05 21:34:26,Q1,7518000000,0.0,7518000000,1.0,0.0,0.0,0.0,6796000000,6796000000,6796000000,-2455000000,611000000,611000000,0.08127161479116786,0.0,0.0,0.0,0.0,0.0,0.0,0.0,0.0,3.48,3.39,0.0,0.0,https://www.sec.gov/Archives/edgar/data/886982/000095012309008055/0000950123-09-008055-index.htm,https://www.sec.gov/Archives/edgar/data/886982/000095012309008055/y76709e10vq.htm
2008-11-28,GS,2009-01-27,2009-01-27 06:03:28,FY,3682000000,0.0,3682000000,1.0,0.0,0.0,0.0,2021000000,2021000000,2021000000,-5260000000,509000000,509000000,0.13824008690928843,0.0,0.0,0.0,0.0,0.0,0.0,0.0,0.0,4.67,4.47,0.0,0.0,https://www.sec.gov/Archives/edgar/data/886982/000095012309001278/0000950123-09-001278-index.htm,https://www.sec.gov/Archives/edgar/data/886982/000095012309001278/y74032e10vk.htm
2008-08-29,GS,2008-10-08,2008-10-07 19:09:25,Q3,13625000000,0.0,13625000000,1.0,0.0,0.0,0.0,5083000000,5083000000,5083000000,-7582000000,343000000,343000000,0.025174311926605505,0.0,0.0,0.0,0.0,0.0,0.0,0.0,0.0,10.08,9.62,0.0,0.0,https://www.sec.gov/Archives/edgar/data/886982/000095012308012298/0000950123-08-012298-index.htm,https://www.sec.gov/Archives/edgar/data/886982/000095012308012298/y71546e10vq.htm
2008-05-30,GS,2008-07-07,2008-07-03 18:09:57,Q2,36272000000,0.0,36272000000,1.0,0.0,0.0,0.0,12782000000,12782000000,12782000000,-18515000000,-383000000,-383000000,-0.010559108954565506,0.0,0.0,0.0,0.0,0.0,0.0,0.0,0.0,8.18,7.81,0.0,0.0,https://www.sec.gov/Archives/edgar/data/886982/000095012308007597/0000950123-08-007597-index.htm,https://www.sec.gov/Archives/edgar/data/886982/000095012308007597/y61922e10vq.htm
2007-11-30,GS,2008-01-29,2008-01-28 21:13:43,FY,65688000000,251000000,65437000000,0.9961789063451467,0.0,0.0,0.0,20512000000,20512000000,20763000000,-32431000000,712000000,712000000,0.010839118255998051,0.0,0.0,0.0,0.0,0.0,0.0,0.0,0.0,26.34,24.73,0.0,0.0,https://www.sec.gov/Archives/edgar/data/886982/000095012308000857/0000950123-08-000857-index.htm,https://www.sec.gov/Archives/edgar/data/886982/000095012308000857/y46519e10vk.htm
2007-02-23,GS,2007-04-04,2007-04-04 06:01:19,Q1,22280000000,84000000,22196000000,0.996229802513465,0.0,0.0,0.0,7871000000,7871000000,7955000000,-9550000000,204000000,204000000,0.009156193895870737,0.0,0.0,0.0,0.0,0.0,0.0,0.0,0.0,7.08,6.67,0.0,0.0,https://www.sec.gov/Archives/edgar/data/886982/000095012307004987/0000950123-07-004987-index.htm,https://www.sec.gov/Archives/edgar/data/886982/000095012307004987/y31582e10vq.htm
2006-11-24,GS,2007-02-06,2007-02-06 06:06:14,FY,18126000000,27852000000,-9726000000,-0.5365772922873221,0.0,0.0,0.0,4785000000,4785000000,-23067000000,-8719000000,202000000,202000000,0.011144212733090589,0.0,0.0,0.0,0.0,0.0,0.0,0.0,0.0,20.93,19.69,0.0,0.0,https://www.sec.gov/Archives/edgar/data/886982/000095012307001332/0000950123-07-001332-index.htm,https://www.sec.gov/Archives/edgar/data/886982/000095012307001332/y29219e10vk.htm
2006-08-25,GS,2006-10-04,2006-10-03 20:17:33,Q3,15979000000,7584000000,8395000000,0.5253770573878215,0.0,0.0,0.0,5101000000,5101000000,12685000000,-8395000000,182000000,182000000,0.011389949308467363,0.0,0.0,0.0,0.0,0.0,0.0,0.0,0.0,13.92,13.12,0.0,0.0,https://www.sec.gov/Archives/edgar/data/886982/000095012306012283/0000950123-06-012283-index.htm,https://www.sec.gov/Archives/edgar/data/886982/000095012306012283/y25363e10vq.htm
2006-05-26,GS,2006-07-03,2006-06-30 20:15:46,Q2,18002000000,10241000000,7761000000,0.43111876458171317,0.0,0.0,0.0,6573000000,6573000000,16814000000,-7761000000,190000000,190000000,0.010554382846350406,0.0,0.0,0.0,0.0,0.0,0.0,0.0,0.0,10.45,9.86,0.0,0.0,https://www.sec.gov/Archives/edgar/data/886982/000095012306008500/0000950123-06-008500-index.htm,https://www.sec.gov/Archives/edgar/data/886982/000095012306008500/e22624e10vq.htm
2006-02-24,GS,2006-04-05,2006-04-04 21:39:15,Q1,17246000000,10433000000,6813000000,0.3950481271019367,0.0,0.0,0.0,6646000000,6646000000,17079000000,-6813000000,175000000,175000000,0.010147280528818277,0.0,0.0,0.0,0.0,0.0,0.0,0.0,0.0,5.36,5.08,0.0,0.0,https://www.sec.gov/Archives/edgar/data/886982/000095012306004234/0000950123-06-004234-index.htm,https://www.sec.gov/Archives/edgar/data/886982/000095012306004234/e18332e10vq.htm
2005-11-25,GS,2006-02-07,2006-02-07 08:19:42,FY,12145000000,6403000000,5742000000,0.4727871552079045,0.0,0.0,0.0,3807000000,3807000000,10210000000,-5742000000,178000000,178000000,0.014656237134623301,0.0,0.0,0.0,0.0,0.0,0.0,0.0,0.0,11.73,11.21,0.0,0.0,https://www.sec.gov/Archives/edgar/data/886982/000095012306001208/0000950123-06-001208-index.htm,https://www.sec.gov/Archives/edgar/data/886982/000095012306001208/y16720e10vk.htm
2005-08-26,GS,2005-10-05,2005-10-04 19:29:45,Q3,12333000000,7393000000,4940000000,0.40055136625314197,0.0,0.0,0.0,4880000000,4880000000,12273000000,-4940000000,176000000,176000000,0.014270655963674694,0.0,0.0,0.0,0.0,0.0,0.0,0.0,0.0,8.23,7.89,0.0,0.0,https://www.sec.gov/Archives/edgar/data/886982/000095012305011860/0000950123-05-011860-index.htm,https://www.sec.gov/Archives/edgar/data/886982/000095012305011860/e13136e10vq.htm
2005-05-27,GS,2005-07-05,2005-07-01 18:53:16,Q2,8949000000,4927000000,4022000000,0.4494356911386747,0.0,0.0,0.0,3562000000,3562000000,8489000000,-4022000000,174000000,174000000,0.019443513241702983,0.0,0.0,0.0,0.0,0.0,0.0,0.0,0.0,4.85,4.65,0.0,0.0,https://www.sec.gov/Archives/edgar/data/886982/000095012305008131/0000950123-05-008131-index.htm,https://www.sec.gov/Archives/edgar/data/886982/000095012305008131/e10350e10vq.htm
2005-02-25,GS,2005-04-06,2005-04-05 20:17:43,Q1,9964000000,6515000000,3449000000,0.34614612605379363,0.0,0.0,0.0,4260000000,4260000000,10775000000,-3449000000,161000000,161000000,0.016158169409875554,0.0,0.0,0.0,0.0,0.0,0.0,0.0,0.0,3.06,2.94,0.0,0.0,https://www.sec.gov/Archives/edgar/data/886982/000095012305004104/0000950123-05-004104-index.htm,https://www.sec.gov/Archives/edgar/data/886982/000095012305004104/e07342e10vq.htm
2004-11-26,GS,2005-02-08,2005-02-07 21:16:42,FY,7455000000,4634000000,2821000000,0.3784037558685446,0.0,0.0,0.0,2867000000,2867000000,7501000000,-2821000000,126000000,126000000,0.016901408450704224,0.0,0.0,0.0,0.0,0.0,0.0,0.0,0.0,9.3,8.92,0.0,0.0,https://www.sec.gov/Archives/edgar/data/886982/000095012305001271/0000950123-05-001271-index.htm,https://www.sec.gov/Archives/edgar/data/886982/000095012305001271/e05053e10vk.htm
2004-08-27,GS,2004-10-08,2004-10-08 08:01:43,Q3,6803000000,4647000000,2156000000,0.3169190063207408,0.0,0.0,0.0,3237000000,3237000000,7884000000,-2156000000,117000000,117000000,0.017198294869910334,0.0,0.0,0.0,0.0,0.0,0.0,0.0,0.0,6.86,6.56,0.0,0.0,https://www.sec.gov/Archives/edgar/data/886982/000095012304011886/0000950123-04-011886-index.htm,https://www.sec.gov/Archives/edgar/data/886982/000095012304011886/y03179e10vq.htm
2004-05-28,GS,2004-07-09,2004-07-09 08:22:34,Q2,7676000000,5638000000,2038000000,0.2655028660760813,0.0,0.0,0.0,3771000000,3771000000,9409000000,-2038000000,121000000,121000000,0.01576341844710787,0.0,0.0,0.0,0.0,0.0,0.0,0.0,0.0,5.06,4.81,0.0,0.0,https://www.sec.gov/Archives/edgar/data/886982/000095012304008289/0000950123-04-008289-index.htm,https://www.sec.gov/Archives/edgar/data/886982/000095012304008289/y98832e10vq.htm
2004-02-27,GS,2004-04-06,2004-04-06 08:16:12,Q1,7905000000,6032000000,1873000000,0.23693864642631246,0.0,0.0,0.0,3999000000,3999000000,10031000000,-1873000000,135000000,135000000,0.017077798861480076,0.0,0.0,0.0,0.0,0.0,0.0,0.0,0.0,2.63,2.5,0.0,0.0,https://www.sec.gov/Archives/edgar/data/886982/000095012304004278/0000950123-04-004278-index.htm,https://www.sec.gov/Archives/edgar/data/886982/000095012304004278/y95681e10vq.htm
2003-11-28,GS,2004-02-24,2004-02-24 09:05:23,FY,6218000000,0.0,6218000000,1.0,0.0,0.0,0.0,228000000,228000000,228000000,-2154000000,-327000000,-327000000,-0.05258925699581859,0.0,0.0,0.0,0.0,0.0,0.0,0.0,0.0,0.0,0.0,0.0,0.0,https://www.sec.gov/Archives/edgar/data/886982/000095012304002239/0000950123-04-002239-index.htm,https://www.sec.gov/Archives/edgar/data/886982/000095012304002239/y94357e10vk.htm
2003-08-29,GS,2003-10-10,2003-10-10 08:14:41,Q3,5715000000,0.0,5715000000,1.0,0.0,0.0,0.0,2813000000,2813000000,2813000000,-1922000000,130000000,130000000,0.022747156605424323,0.0,0.0,0.0,0.0,0.0,0.0,0.0,0.0,4.17,3.98,0.0,0.0,https://www.sec.gov/Archives/edgar/data/886982/000095012303011277/0000950123-03-011277-index.htm,https://www.sec.gov/Archives/edgar/data/886982/000095012303011277/y90439e10vq.htm
2003-05-30,GS,2003-07-11,2003-07-11 08:15:32,Q2,5985000000,0.0,5985000000,1.0,0.0,0.0,0.0,2947000000,2947000000,2947000000,-2000000000,139000000,139000000,0.023224728487886384,0.0,0.0,0.0,0.0,0.0,0.0,0.0,0.0,2.78,2.66,0.0,0.0,https://www.sec.gov/Archives/edgar/data/886982/000095012303008090/0000950123-03-008090-index.htm,https://www.sec.gov/Archives/edgar/data/886982/000095012303008090/y88194e10vq.htm
2003-02-28,GS,2003-04-10,2003-04-10 08:24:33,Q1,6094000000,0.0,6094000000,1.0,0.0,0.0,0.0,3169000000,3169000000,3169000000,-1907000000,157000000,157000000,0.025763045618641286,0.0,0.0,0.0,0.0,0.0,0.0,0.0,0.0,1.35,1.29,0.0,0.0,https://www.sec.gov/Archives/edgar/data/886982/000095012303004051/0000950123-03-004051-index.htm,https://www.sec.gov/Archives/edgar/data/886982/000095012303004051/y85129e10vq.htm
2002-11-29,GS,2003-02-27,2003-02-27 09:00:44,FY,4891000000,0.0,4891000000,1.0,0.0,0.0,0.0,233000000,233000000,233000000,-2131000000,7000000.0,7000000.0,0.0014312001635657329,0.0,0.0,0.0,0.0,0.0,0.0,0.0,0.0,0.0,0.0,0.0,0.0,https://www.sec.gov/Archives/edgar/data/886982/000095012303002099/0000950123-03-002099-index.htm,https://www.sec.gov/Archives/edgar/data/886982/000095012303002099/y83718e10vk.htm
2001-11-30,GS,2002-02-22,2002-02-22 00:00:00,FY,7481000000,0.0,7481000000,1.0,0.0,0.0,0.0,287000000,287000000,287000000,-3882000000,-349000000,-349000000,-0.04665151717684801,0.0,0.0,0.0,0.0,0.0,0.0,0.0,0.0,0.0,0.0,0.0,0.0,https://www.sec.gov/Archives/edgar/data/886982/000095012302001815/0000950123-02-001815-index.htm,https://www.sec.gov/Archives/edgar/data/886982/000095012302001815/y57552e10-k405.htm
