date,symbol,fillingDate,acceptedDate,period,revenue,costOfRevenue,grossProfit,grossProfitRatio,researchAndDevelopmentExpenses,generalAndAdministrativeExpenses,sellingAndMarketingExpenses,otherExpenses,operatingExpenses,costAndExpenses,interestExpense,depreciationAndAmortization,ebitda,ebitdaratio,operatingIncome,operatingIncomeRatio,totalOtherIncomeExpensesNet,incomeBeforeTax,incomeBeforeTaxRatio,incomeTaxExpense,netIncome,netIncomeRatio,eps,epsdiluted,weightedAverageShsOut,weightedAverageShsOutDil,link,finalLink
2020-03-31,IBM,2020-04-28,2020-04-28 16:24:43,Q1,17571000000,9649000000,7922000000,0.45085652495589323,1625000000,5955000000,0.0,182000000,7580000000,17229000000,326000000,1634000000,1585000000,0.0902054521655,1176000000,0.06692846166979682,182000000,-49000000,-0.002788685902908201,-1226000000,1175000000,0.0668715497126,1.32,1.31,887969345,895039238,https://www.sec.gov/Archives/edgar/data/51143/000155837020004491/0001558370-20-004491-index.htm,https://www.sec.gov/Archives/edgar/data/51143/000155837020004491/ibm-20200331x10q.htm
2019-12-31,IBM,2020-02-25,2020-02-25 16:54:20,FY,21777000000,10677000000,11100000000,0.509712081553933,1596000000,5433000000,0.0,-118000000,7029000000,17706000000,354000000,1650000000,5643000000,0.25912660146,3993000000,0.183358589337,-118000000,3993000000,0.183358589337,324000000,3670000000,0.168526426964,4.14,4.11,887235105,892813376,https://www.sec.gov/Archives/edgar/data/51143/000155837020001334/0001558370-20-001334-index.htm,https://www.sec.gov/Archives/edgar/data/51143/000155837020001334/ibm-20191231x10k2af531.htm
2019-09-30,IBM,2019-10-29,2019-10-29 19:37:08,Q3,18028000000,9692000000,8336000000,0.4623918349234524,1553000000,5024000000,0.0,-30000000,6577000000,16269000000,432000000,1669000000,3191000000,0.177002440648,1522000000,0.0844242289771,-30000000,1522000000,0.0844242289771,-151000000,1672000000,0.0927446194808,1.88,1.87,887291199,892527357,https://www.sec.gov/Archives/edgar/data/51143/000155837019009324/0001558370-19-009324-index.htm,https://www.sec.gov/Archives/edgar/data/51143/000155837019009324/ibm-20190930x10q.htm
2019-06-30,IBM,2019-07-30,2019-07-30 16:26:01,Q2,19160000000,10151000000,9009000000,0.47019832985386223,1407000000,5456000000,0.0,-747000000,6863000000,17014000000,348000000,1294000000,4062000000,0.212004175365,2768000000,0.144467640919,-747000000,2768000000,0.144467640919,269000000,2498000000,0.130375782881,2.82,2.8,887927612,892371164,https://www.sec.gov/Archives/edgar/data/51143/000155837019006560/0001558370-19-006560-index.htm,https://www.sec.gov/Archives/edgar/data/51143/000155837019006560/ibm-20190630x10q.htm
2019-03-31,IBM,2019-04-30,2019-04-30 16:21:56,Q1,18182000000,10139000000,8043000000,0.44236057639423604,1433000000,4691000000,0.0,-73000000,6124000000,16263000000,210000000,1446000000,3329000000,0.183093169068,1883000000,0.10356396436,-73000000,1883000000,0.10356396436,289000000,1591000000,0.0875041249588,1.79,1.78,889581542,893910526,https://www.sec.gov/Archives/edgar/data/51143/000110465919025328/0001104659-19-025328-index.htm,https://www.sec.gov/Archives/edgar/data/51143/000110465919025328/a19-6867_110q.htm
2018-12-31,IBM,2019-02-26,2019-02-26 16:27:59,FY,21761000000,11073000000,10688000000,0.4911538991774275,1358000000,4701000000,0.0,184000000,6059000000,17132000000,193000000,1112000000,5546000000,0.254859611231,4434000000,0.203759018427,184000000,4434000000,0.203759018427,2481000000,1951000000,0.0896558062589,2.17,2.15,912048072,916315714,https://www.sec.gov/Archives/edgar/data/51143/000104746919000712/0001047469-19-000712-index.htm,https://www.sec.gov/Archives/edgar/data/51143/000104746919000712/a2237254z10-k.htm
2018-09-30,IBM,2018-10-30,2018-10-30 16:43:46,Q3,18755000000,9953000000,8802000000,0.4693148493735004,1252000000,4363000000,0.0,276000000,5615000000,15568000000,192000000,1138000000,4135000000,0.220474540123,2997000000,0.159797387363,276000000,2997000000,0.159797387363,304000000,2694000000,0.143641695548,2.95,2.94,915632501,920006890,https://www.sec.gov/Archives/edgar/data/51143/000110465918064673/0001104659-18-064673-index.htm,https://www.sec.gov/Archives/edgar/data/51143/000110465918064673/a18-19046_110q.htm
2018-06-30,IBM,2018-07-31,2018-07-31 16:10:57,Q2,20003000000,10804000000,9199000000,0.4598810178473229,1364000000,4857000000,0.0,279000000,6221000000,17025000000,173000000,1116000000,3891000000,0.194520821877,2775000000,0.138729190621,279000000,2775000000,0.138729190621,374000000,2404000000,0.120181972704,2.63,2.62,917872328,922404020,https://www.sec.gov/Archives/edgar/data/51143/000110465918048404/0001104659-18-048404-index.htm,https://www.sec.gov/Archives/edgar/data/51143/000110465918048404/a18-14112_110q.htm
2018-03-31,IBM,2018-04-24,2018-04-24 16:17:32,Q1,19072000000,10825000000,8247000000,0.4324140100671141,1405000000,5445000000,0.0,413000000,6850000000,17675000000,165000000,1114000000,2250000000,0.117973993289,1136000000,0.0595637583893,413000000,1136000000,0.0595637583893,-540000000,1679000000,0.0880348154362,1.82,1.81,920680222,925409434,https://www.sec.gov/Archives/edgar/data/51143/000110465918026178/0001104659-18-026178-index.htm,https://www.sec.gov/Archives/edgar/data/51143/000110465918026178/a18-8695_110q.htm
2017-12-31,IBM,2018-02-27,2018-02-27 17:13:57,FY,22542000000,11681000000,10861000000,0.4818117292165735,1427000000,5148000000,0.0,2000000.0,6575000000,18256000000,164000000,1149000000,5618000000,0.249223671369,4469000000,0.198252151539,2000000.0,4469000000,0.198252151539,5522000000,-1054000000,-0.04675716440422323,-1.11,-1.1,932828295,937385625,https://www.sec.gov/Archives/edgar/data/51143/000104746918001117/0001047469-18-001117-index.htm,https://www.sec.gov/Archives/edgar/data/51143/000104746918001117/a2233835z10-k.htm
2017-09-30,IBM,2017-10-31,2017-10-31 16:15:02,Q3,19154000000,10354000000,8800000000,0.45943406077059623,1342000000,4647000000,0.0,-114000000,5989000000,16343000000,168000000,1176000000,4240000000,0.221363683826,3064000000,0.159966586614,-114000000,3064000000,0.159966586614,338000000,2725000000,0.142267933591,2.93,2.92,935600777,940209466,https://www.sec.gov/Archives/edgar/data/51143/000110465917064968/0001104659-17-064968-index.htm,https://www.sec.gov/Archives/edgar/data/51143/000110465917064968/a17-21131_110q.htm
2017-06-30,IBM,2017-07-25,2017-07-25 16:15:58,Q2,19288000000,10495000000,8793000000,0.4558793031936956,1485000000,5160000000,0.0,-76000000,6645000000,17140000000,148000000,1117000000,3560000000,0.184570717545,2443000000,0.12665906263,-76000000,2443000000,0.12665906263,111000000,2332000000,0.120904189133,2.49,2.47,938700000,943700000,https://www.sec.gov/Archives/edgar/data/51143/000110465917046808/0001104659-17-046808-index.htm,https://www.sec.gov/Archives/edgar/data/51143/000110465917046808/a17-13367_110q.htm
2017-03-31,IBM,2017-04-25,2017-04-25 16:13:34,Q1,18155000000,10383000000,7772000000,0.428091434866428,1533000000,5152000000,0.0,-28000000,6685000000,17068000000,135000000,1099000000,2523000000,0.138969980722,1424000000,0.0784356926467,-28000000,1424000000,0.0784356926467,-329000000,1750000000,0.0963921784632,1.86,1.85,942400000,947800000,https://www.sec.gov/Archives/edgar/data/51143/000110465917025881/0001104659-17-025881-index.htm,https://www.sec.gov/Archives/edgar/data/51143/000110465917025881/a17-8917_110q.htm
2016-12-31,IBM,2017-02-28,2017-02-28 16:23:36,FY,21770000000,10877000000,10893000000,0.500367478180983,1431000000,4976000000,0.0,-136000000,6407000000,17284000000,157000000,1127000000,6112000000,0.280753330271,4985000000,0.228984841525,-136000000,4985000000,0.228984841525,480000000,4501000000,0.206752411576,4.73,4.71,955422530,958714097,https://www.sec.gov/Archives/edgar/data/51143/000104746917001061/0001047469-17-001061-index.htm,https://www.sec.gov/Archives/edgar/data/51143/000104746917001061/a2230222z10-k.htm
2016-09-30,IBM,2016-10-25,2016-10-25 16:12:03,Q3,19226000000,10213000000,9013000000,0.4687922604805992,1397000000,4732000000,0.0,-8000000.0,6129000000,16342000000,158000000,1127000000,4390000000,0.228336627484,3263000000,0.169718090086,-8000000.0,3263000000,0.169718090086,408000000,2853000000,0.148392801415,2.99,2.98,957700000,960700000,https://www.sec.gov/Archives/edgar/data/51143/000110465916151931/0001104659-16-151931-index.htm,https://www.sec.gov/Archives/edgar/data/51143/000110465916151931/a16-17246_110q.htm
2016-06-30,IBM,2016-07-26,2016-07-26 16:17:42,Q2,20239000000,10536000000,9703000000,0.4794209200059292,1465000000,5349000000,0.0,36000000,6814000000,17350000000,168000000,1103000000,4151000000,0.205099066159,3048000000,0.150600326103,36000000,3048000000,0.150600326103,544000000,2504000000,0.123721527743,2.62,2.6,959500000,962400000,https://www.sec.gov/Archives/edgar/data/51143/000110465916134367/0001104659-16-134367-index.htm,https://www.sec.gov/Archives/edgar/data/51143/000110465916134367/a16-12780_110q.htm
2016-03-31,IBM,2016-04-26,2016-04-26 16:09:37,Q1,18684000000,9999000000,8685000000,0.46483622350674375,1458000000,6012000000,0.0,253000000,7470000000,17469000000,147000000,1024000000,2058000000,0.110147719974,1034000000,0.0553414686363,253000000,1034000000,0.0553414686363,-983000000,2014000000,0.107792763862,2.09,2.09,961700000,964400000,https://www.sec.gov/Archives/edgar/data/51143/000005114316000013/0000051143-16-000013-index.htm,https://www.sec.gov/Archives/edgar/data/51143/000005114316000013/ibm16q1_10q.htm
2015-12-31,IBM,2016-02-23,2016-02-23 16:19:19,FY,22059000000,10652000000,11407000000,0.5171131964277619,1362000000,5157000000,0.0,-146000000,6519000000,17171000000,128000000,990000000,6089000000,0.276032458407,5099000000,0.231152817444,-146000000,5099000000,0.231152817444,638000000,4463000000,0.202321048098,4.59,4.57,978744523,982700267,https://www.sec.gov/Archives/edgar/data/51143/000104746916010329/0001047469-16-010329-index.htm,https://www.sec.gov/Archives/edgar/data/51143/000104746916010329/a2226548z10-k.htm
2015-09-30,IBM,2015-10-27,2015-10-27 13:36:47,Q3,19279000000,9844000000,9435000000,0.4893926033507962,1287000000,4732000000,0.0,-134000000,6019000000,15863000000,117000000,936000000,4557000000,0.236371181078,3621000000,0.18782094507,-134000000,3621000000,0.18782094507,660000000,2950000000,0.153016235282,3.03,3.01,981800000,986000000,https://www.sec.gov/Archives/edgar/data/51143/000005114315000009/0000051143-15-000009-index.htm,https://www.sec.gov/Archives/edgar/data/51143/000005114315000009/ibm15q3_10q.htm
2015-06-30,IBM,2015-07-28,2015-07-28 14:32:26,Q2,20813000000,10423000000,10390000000,0.49920722625282277,1300000000,5179000000,0.0,-301000000,6479000000,16902000000,115000000,961000000,5185000000,0.249123144189,4224000000,0.202950079277,-301000000,4224000000,0.202950079277,698000000,3449000000,0.165713736607,3.5,3.49,985200000,989500000,https://www.sec.gov/Archives/edgar/data/51143/000005114315000005/0000051143-15-000005-index.htm,https://www.sec.gov/Archives/edgar/data/51143/000005114315000005/ibm15q2_10q.htm
2015-03-31,IBM,2015-04-28,2015-04-28 14:22:44,Q1,19590000000,10138000000,9452000000,0.48249106687085247,1298000000,5362000000,0.0,-143000000,6660000000,16798000000,108000000,968000000,3969000000,0.202603369066,3001000000,0.153190403267,-143000000,3001000000,0.153190403267,585000000,2328000000,0.118836140888,2.36,2.35,988100000,992300000,https://www.sec.gov/Archives/edgar/data/51143/000005114315000003/0000051143-15-000003-index.htm,https://www.sec.gov/Archives/edgar/data/51143/000005114315000003/ibm15q1_10q.htm
2014-12-31,IBM,2015-02-24,2015-02-24 14:08:09,FY,24113000000,11251000000,12862000000,0.5334052171028076,1320000000,6034000000,0.0,-1505000000,7354000000,18605000000,117000000,1046000000,8141000000,0.337618711898,7095000000,0.294239621781,-1505000000,7095000000,0.294239621781,1579000000,5483000000,0.22738771617,5.49,5.46,1004272584,1010000480,https://www.sec.gov/Archives/edgar/data/51143/000104746915001106/0001047469-15-001106-index.htm,https://www.sec.gov/Archives/edgar/data/51143/000104746915001106/a2222209z10-k.htm
2014-09-30,IBM,2014-10-28,2014-10-28 13:56:04,Q3,21832000000,10805000000,11027000000,0.5050842799560279,1159000000,5254000000,0.0,-107000000,6413000000,17218000000,127000000,1139000000,5879000000,0.269283620374,4740000000,0.21711249542,-107000000,4740000000,0.21711249542,1025000000,18000000,0.000824477830707,0.07,0.07,1008900000,1014900000,https://www.sec.gov/Archives/edgar/data/51143/000005114314000010/0000051143-14-000010-index.htm,https://www.sec.gov/Archives/edgar/data/51143/000005114314000010/ibm14q3_10q.htm
2014-06-30,IBM,2014-07-29,2014-07-29 14:48:12,Q2,46848000000,24330000000,22518000000,0.4806608606557377,2958000000,11892000000,0.0,-200000000,14850000000,39180000000,240000000,2307000000,10458000000,0.223232581967,8151000000,0.173988217213,-200000000,8151000000,0.173988217213,1630000000,6521000000,0.139194842896,6.41,6.37,1017400000,1023500000,https://www.sec.gov/Archives/edgar/data/51143/000005114314000007/0000051143-14-000007-index.htm,https://www.sec.gov/Archives/edgar/data/51143/000005114314000007/ibm14q2_10q.htm
2014-04-29,IBM,2014-04-29,2014-04-29 15:11:36,Q1,22484000000,11941000000,10543000000,0.46891122576054084,1501000000,6289000000,0.0,-126000000,7790000000,19731000000,0.0,802000000,3782000000,0.16820850382494218,2980000000,0.1325386941825298,-126000000,2980000000,0.1325386941825298,596000000,2384000000,0.10603095534602384,0.0,0.0,0.0,0.0,https://www.sec.gov/Archives/edgar/data/51143/000005114314000004/0000051143-14-000004-index.htm,https://www.sec.gov/Archives/edgar/data/51143/000005114314000004/ibm14q1_10q.htm
2013-12-31,IBM,2014-02-25,2014-02-25 14:13:24,FY,27699000000,13383000000,14316000000,0.5168417632405502,1565000000,5990000000,0.0,-113000000,7555000000,20938000000,113000000,1214000000,8176000000,0.295173110943,6962000000,0.251344813892,-113000000,6962000000,0.251344813892,778000000,6184000000,0.223257157298,5.71,5.67,1094486604,1103042156,https://www.sec.gov/Archives/edgar/data/51143/000104746914001302/0001047469-14-001302-index.htm,https://www.sec.gov/Archives/edgar/data/51143/000104746914001302/a2217495z10-k.htm
2013-09-30,IBM,2013-10-29,2013-10-29 16:51:27,Q3,23720000000,12341000000,11379000000,0.47972175379426646,1468000000,5255000000,0.0,-63000000,6723000000,19064000000,97000000,1175000000,5987000000,0.252403035413,4812000000,0.202866779089,-63000000,4812000000,0.202866779089,771000000,4041000000,0.170362563238,3.7,3.67,1101800000,1110700000,https://www.sec.gov/Archives/edgar/data/51143/000005114313000007/0000051143-13-000007-index.htm,https://www.sec.gov/Archives/edgar/data/51143/000005114313000007/ibm13q3_10q.htm
2013-06-30,IBM,2013-07-31,2013-07-30 21:30:19,Q2,24924000000,12792000000,12132000000,0.4867597496389023,1549000000,6680000000,0.0,-91000000,8229000000,21021000000,98000000,1136000000,5280000000,0.211844005778,4144000000,0.166265446959,-91000000,4144000000,0.166265446959,918000000,3226000000,0.129433477772,2.93,2.9,1107300000,1116700000,https://www.sec.gov/Archives/edgar/data/51143/000110465913058041/0001104659-13-058041-index.htm,https://www.sec.gov/Archives/edgar/data/51143/000110465913058041/a13-13617_110q.htm
2013-03-31,IBM,2013-04-30,2013-04-30 14:34:00,Q1,23408000000,12730000000,10678000000,0.45616883116883117,1644000000,5577000000,0.0,-60000000,7221000000,19951000000,94000000,1153000000,4759000000,0.203306561859,3606000000,0.154049897471,-60000000,3606000000,0.154049897471,574000000,3032000000,0.12952836637,2.72,2.7,1113700000,1124000000,https://www.sec.gov/Archives/edgar/data/51143/000110465913035106/0001104659-13-035106-index.htm,https://www.sec.gov/Archives/edgar/data/51143/000110465913035106/a13-7778_110q.htm
2012-12-31,IBM,2013-02-26,2013-02-26 15:35:35,FY,29304000000,14137000000,15167000000,0.5175743925743925,1580000000,5921000000,0.0,-47000000,7501000000,21638000000,109000000,1152000000,8983000000,0.306545181545,7831000000,0.267233142233,-47000000,7831000000,0.267233142233,1998000000,5833000000,0.199051324051,5.15,5.1,1142508521,1155449317,https://www.sec.gov/Archives/edgar/data/51143/000104746913001698/0001047469-13-001698-index.htm,https://www.sec.gov/Archives/edgar/data/51143/000104746913001698/a2212340z10-k.htm
2012-09-30,IBM,2012-10-30,2012-10-30 14:01:17,Q3,24747000000,13016000000,11731000000,0.47403725704125754,1534000000,5909000000,0.0,-606000000,7443000000,20459000000,124000000,1191000000,6265000000,0.253161999434,5074000000,0.205034953732,-606000000,5074000000,0.205034953732,1251000000,3823000000,0.154483371722,3.36,3.32,1148400000,1161800000,https://www.sec.gov/Archives/edgar/data/51143/000110465912072210/0001104659-12-072210-index.htm,https://www.sec.gov/Archives/edgar/data/51143/000110465912072210/a12-20368_110q.htm
2012-06-30,IBM,2012-07-31,2012-07-31 13:59:43,Q2,25783000000,13501000000,12282000000,0.47636039250669043,1587000000,5837000000,0.0,-132000000,7424000000,20925000000,116000000,1176000000,6337000000,0.245782104487,5161000000,0.200170655083,-132000000,5161000000,0.200170655083,1280000000,3882000000,0.150564325331,3.37,3.34,1154100000,1168100000,https://www.sec.gov/Archives/edgar/data/51143/000110465912052637/0001104659-12-052637-index.htm,https://www.sec.gov/Archives/edgar/data/51143/000110465912052637/a12-10636_110q.htm
2012-03-31,IBM,2012-04-24,2012-04-24 13:33:46,Q1,24673000000,13555000000,11118000000,0.4506140315324444,1601000000,5886000000,0.0,-58000000,7487000000,21042000000,110000000,1157000000,4993000000,0.202366959835,3836000000,0.155473594618,-58000000,3836000000,0.155473594618,769000000,3066000000,0.124265391318,2.65,2.61,1159100000,1174200000,https://www.sec.gov/Archives/edgar/data/51143/000110465912027715/0001104659-12-027715-index.htm,https://www.sec.gov/Archives/edgar/data/51143/000110465912027715/a12-7383_110q.htm
2011-12-31,IBM,2012-02-28,2012-02-28 14:52:20,FY,29486000000,14764000000,14722000000,0.4992877975988605,1555000000,6076000000,0.0,-43000000,7631000000,22395000000,113000000,1188000000,8462000000,0.286983653259,7274000000,0.246693345995,-43000000,7274000000,0.246693345995,1784000000,5490000000,0.186190056298,4.65,4.58,1196951006,1213767985,https://www.sec.gov/Archives/edgar/data/51143/000104746912001742/0001047469-12-001742-index.htm,https://www.sec.gov/Archives/edgar/data/51143/000104746912001742/a2206744z10-k.htm
2011-09-30,IBM,2011-10-25,2011-10-25 13:01:40,Q3,26157000000,13984000000,12173000000,0.46538211568604965,1547000000,5662000000,0.0,128000000,7209000000,21193000000,108000000,1192000000,6219000000,0.237756623466,5027000000,0.192185648201,128000000,5027000000,0.192185648201,1189000000,3839000000,0.146767595672,3.22,3.18,1205200000,1222100000,https://www.sec.gov/Archives/edgar/data/51143/000110465911057630/0001104659-11-057630-index.htm,https://www.sec.gov/Archives/edgar/data/51143/000110465911057630/a11-25576_110q.htm
2011-06-30,IBM,2011-07-26,2011-07-26 14:07:05,Q2,26666000000,14281000000,12385000000,0.4644491112277807,1569000000,6030000000,0.0,97000000,7599000000,21880000000,97000000,1207000000,6092000000,0.228455711393,4885000000,0.183192079802,97000000,4885000000,0.183192079802,1221000000,3663000000,0.137365934148,3.04,2.99,1213500000,1230700000,https://www.sec.gov/Archives/edgar/data/51143/000110465911040759/0001104659-11-040759-index.htm,https://www.sec.gov/Archives/edgar/data/51143/000110465911040759/a11-12772_110q.htm
2011-03-31,IBM,2011-04-26,2011-04-26 13:07:53,Q1,24607000000,13749000000,10858000000,0.4412565530133702,1587000000,5826000000,0.0,-202000000,7413000000,21162000000,93000000,1228000000,5045000000,0.205022960946,3817000000,0.155118462226,-202000000,3817000000,0.155118462226,954000000,2863000000,0.11634900638,2.34,2.31,1222200000,1240000000,https://www.sec.gov/Archives/edgar/data/51143/000110465911022352/0001104659-11-022352-index.htm,https://www.sec.gov/Archives/edgar/data/51143/000110465911022352/a11-9215_110q.htm
2010-12-31,IBM,2011-02-22,2011-02-22 13:08:33,FY,29018000000,14792000000,14226000000,0.490247432628024,1578000000,5951000000,0.0,-41000000,7529000000,22321000000,101000000,1235000000,8191000000,0.282273071886,6956000000,0.239713281412,-41000000,6956000000,0.239713281412,1698000000,5257000000,0.181163415811,4.2,4.14,1268789202,1287355388,https://www.sec.gov/Archives/edgar/data/51143/000104746911001117/0001047469-11-001117-index.htm,https://www.sec.gov/Archives/edgar/data/51143/000104746911001117/a2201254z10-k.htm
2010-09-30,IBM,2010-10-26,2010-10-26 14:08:52,Q3,24271000000,13270000000,11001000000,0.45325697334267234,1464000000,5149000000,0.0,-106000000,6613000000,19883000000,95000000,1203000000,5880000000,0.242264430802,4677000000,0.192699105929,-106000000,4677000000,0.192699105929,1089000000,3589000000,0.147871945944,2.85,2.81,1310065645,1310065645,https://www.sec.gov/Archives/edgar/data/51143/000110465910053716/0001104659-10-053716-index.htm,https://www.sec.gov/Archives/edgar/data/51143/000110465910053716/a10-17268_110q.htm
2010-06-30,IBM,2010-07-27,2010-07-27 14:42:55,Q2,23724000000,12915000000,10809000000,0.4556145675265554,1475000000,5060000000,0.0,-95000000,6535000000,19450000000,90000000,2393000000,6968000000,0.293711009948,4575000000,0.192842690946,-95000000,4575000000,0.192842690946,1189000000,3386000000,0.142724667004,2.64,2.6,1320304568,1320304568,https://www.sec.gov/Archives/edgar/data/51143/000110465910039808/0001104659-10-039808-index.htm,https://www.sec.gov/Archives/edgar/data/51143/000110465910039808/a10-12603_110q.htm
2010-03-31,IBM,2010-04-27,2010-04-27 14:01:05,Q1,22857000000,12880000000,9977000000,0.43649647810298814,1509000000,5677000000,0.0,-545000000,7186000000,20066000000,82000000,924000000,3515000000,0.153782211139,3515000000,0.153782211139,-545000000,3515000000,0.153782211139,914000000,2601000000,0.113794461215,2.0,1.97,0.0,0.0,https://www.sec.gov/Archives/edgar/data/51143/000110465910022064/0001104659-10-022064-index.htm,https://www.sec.gov/Archives/edgar/data/51143/000110465910022064/a10-5717_110q.htm
2009-12-31,IBM,2010-02-23,2010-02-23 13:31:57,FY,27230000000,14085000000,13145000000,0.48273962541314724,1460000000,5560000000,0.0,-25000000,7020000000,21105000000,-81000000,967000000,2635000000,0.0967682702901212,1668000000,0.0612559676827029,-25000000,6381000000,0.23433712816746236,1568000000,4813000000,0.17675358060962174,0.0,0.0,1341433021,1341433021,https://www.sec.gov/Archives/edgar/data/51143/000104746910001151/0001047469-10-001151-index.htm,https://www.sec.gov/Archives/edgar/data/51143/000104746910001151/a2195966z10-k.htm
2009-09-30,IBM,2009-10-27,2009-10-27 14:02:36,Q3,23566000000,37888000000,-14322000000,-0.6077399643554273,1446000000,5013000000,0.0,5000000.0,6459000000,44347000000,-84000000,953000000,5325000000,0.22596113044216243,4372000000,0.185521514045659,5000000.0,4372000000,0.185521514045659,1159000000,3214000000,0.13638292455232115,6.42,6.42,1341433021,1341433021,https://www.sec.gov/Archives/edgar/data/51143/000110465909060554/0001104659-09-060554-index.htm,https://www.sec.gov/Archives/edgar/data/51143/000110465909060554/a09-26663_110q.htm
2009-06-30,IBM,2009-07-28,2009-07-28 14:06:31,Q2,23251000000,12280000000,10971000000,0.4718506730893295,1434000000,5115000000,0.0,-27000000,6549000000,-5731000000,-101000000,936000000,5199000000,0.2236032858801772,4263000000,0.18334695281923358,-27000000,4263000000,0.18334695281923358,1159000000,3103000000,0.13345662552148294,4.02,4.02,1342786069,1342786069,https://www.sec.gov/Archives/edgar/data/51143/000110465909045198/0001104659-09-045198-index.htm,https://www.sec.gov/Archives/edgar/data/51143/000110465909045198/a09-16493_110q.htm
2009-03-31,IBM,2009-04-28,2009-04-28 14:01:46,Q1,21711000000,12280000000,9431000000,0.4343880981990696,1480000000,5264000000,0.0,-304000000,6744000000,19024000000,-136000000,917000000,4039000000,0.18603472893924738,3122000000,0.14379807470867303,-304000000,3122000000,0.14379807470867303,827000000,2295000000,0.10570678457924554,1.7,1.7,1350000000,1350000000,https://www.sec.gov/Archives/edgar/data/51143/000110465909026661/0001104659-09-026661-index.htm,https://www.sec.gov/Archives/edgar/data/51143/000110465909026661/a09-10849_110q.htm
2008-12-31,IBM,2009-02-24,2009-02-24 14:26:00,FY,27007000000,14071000000,12936000000,0.4789869293146221,1528000000,5833000000,0.0,-97000000,7361000000,21432000000,-191000000,996000000,5423000000,0.20079979264635095,4427000000,0.16392046506461289,-97000000,5808000000,0.21505535601880993,1382000000,4426000000,0.1638834376272818,0.0,0.0,0.0,0.0,https://www.sec.gov/Archives/edgar/data/51143/000104746909001737/0001047469-09-001737-index.htm,https://www.sec.gov/Archives/edgar/data/51143/000104746909001737/a2189817z10-k.htm
2008-09-30,IBM,2008-10-28,2008-10-28 13:59:06,Q3,25301000000,14342000000,10959000000,0.433144934982807,1580000000,5644000000,0.0,-52000000,7224000000,21566000000,-159000000,1048000000,3871000000,0.15299790522113751,2823000000,0.111576617524999,-52000000,3895000000,0.15394648432868266,1071000000,2824000000,0.11161614165448006,0.0,0.0,0.0,0.0,https://www.sec.gov/Archives/edgar/data/51143/000110465908066201/0001104659-08-066201-index.htm,https://www.sec.gov/Archives/edgar/data/51143/000110465908066201/a08-26479_110q.htm
2008-06-30,IBM,2008-07-29,2008-07-29 14:28:31,Q2,26820000000,15220000000,11600000000,0.4325130499627144,1660000000,6289000000,0.0,-24000000,7949000000,23169000000,-145000000,1066000000,3831000000,0.14284116331096197,2765000000,0.10309470544369873,-24000000,3814000000,0.14220730797912007,1049000000,2765000000,0.10309470544369873,0.0,0.0,0.0,0.0,https://www.sec.gov/Archives/edgar/data/51143/000110465908048278/0001104659-08-048278-index.htm,https://www.sec.gov/Archives/edgar/data/51143/000110465908048278/a08-18576_110q.htm
2008-03-31,IBM,2008-04-29,2008-04-29 13:58:24,Q1,24502000000,14336000000,10166000000,0.41490490572198185,1569000000,5620000000,0.0,-125000000,7189000000,21525000000,-178000000,1030000000,3349000000,0.1366827197779773,2319000000,0.09464533507468778,-125000000,3198000000,0.13051995755448534,879000000,2319000000,0.09464533507468778,0.0,0.0,0.0,0.0,https://www.sec.gov/Archives/edgar/data/51143/000110465908027817/0001104659-08-027817-index.htm,https://www.sec.gov/Archives/edgar/data/51143/000110465908027817/a08-10117_110q.htm
2007-12-31,IBM,2008-02-26,2008-02-26 14:06:45,FY,28866000000,15897000000,12969000000,0.4492828933693619,1585000000,6016000000,0.0,-98000000,7601000000,23498000000,-215000000,1049000000,5000000000,0.1732141619898843,3951000000,0.13687383080440657,-98000000,5488000000,0.190119864200097,1537000000,3951000000,0.13687383080440657,0.0,0.0,0.0,0.0,https://www.sec.gov/Archives/edgar/data/51143/000104746908001731/0001047469-08-001731-index.htm,https://www.sec.gov/Archives/edgar/data/51143/000104746908001731/a2181836z10-k.htm
2007-09-30,IBM,2007-10-30,2007-10-30 14:36:47,Q3,24119000000,14163000000,9956000000,0.4127865997761101,1524000000,5324000000,0.0,-96000000,6848000000,21011000000,-193000000,1046000000,3408000000,0.1412993905219951,2362000000,0.09793109167046726,-96000000,3280000000,0.13599237115966664,918000000,2362000000,0.09793109167046726,0.0,0.0,0.0,0.0,https://www.sec.gov/Archives/edgar/data/51143/000110465907078049/0001104659-07-078049-index.htm,https://www.sec.gov/Archives/edgar/data/51143/000110465907078049/a07-24846_110q.htm
2007-06-30,IBM,2007-07-31,2007-07-31 14:01:02,Q2,23772000000,13834000000,9938000000,0.4180548544506142,1535000000,5631000000,0.0,-252000000,7166000000,21000000000,-130000000,994000000,3255000000,0.13692579505300354,2261000000,0.09511189634864546,-252000000,3142000000,0.13217230355039541,881000000,2261000000,0.09511189634864546,0.0,0.0,0.0,0.0,https://www.sec.gov/Archives/edgar/data/51143/000110465907057458/0001104659-07-057458-index.htm,https://www.sec.gov/Archives/edgar/data/51143/000110465907057458/a07-18155_110q.htm
2007-03-31,IBM,2007-04-24,2007-04-24 15:01:20,Q1,22029000000,13163000000,8866000000,0.40246947205955785,1509000000,5089000000,0.0,-180000000,6598000000,19761000000,-73000000,949000000,2793000000,0.12678741658722592,1844000000,0.08370783966589496,-180000000,2579000000,0.11707294929411231,735000000,1844000000,0.08370783966589496,0.0,0.0,0.0,0.0,https://www.sec.gov/Archives/edgar/data/51143/000110465907030840/0001104659-07-030840-index.htm,https://www.sec.gov/Archives/edgar/data/51143/000110465907030840/a07-10621_110q.htm
2006-12-31,IBM,2007-02-27,2007-02-27 15:08:14,FY,26258000000,14557000000,11701000000,0.4456165739964963,1587000000,5620000000,0.0,-150000000,7207000000,21764000000,-71000000,1014000000,4478000000,0.17053850255160333,3464000000,0.13192170005331708,-150000000,4814000000,0.18333460278772185,1350000000,3540000000,0.1348160560591058,0.0,0.0,0.0,0.0,https://www.sec.gov/Archives/edgar/data/51143/000104746907001434/0001047469-07-001434-index.htm,https://www.sec.gov/Archives/edgar/data/51143/000104746907001434/a2175501z10-k.htm
2006-09-30,IBM,2006-10-31,2006-10-31 15:06:13,Q3,22617000000,13125000000,9492000000,0.41968430826369546,1543000000,5121000000,0.0,-174000000,6664000000,19789000000,-69000000,969000000,3191000000,0.14108856170137507,2222000000,0.09824468320290047,-174000000,3175000000,0.14038112923906795,953000000,2222000000,0.09824468320290047,0.0,0.0,0.0,0.0,https://www.sec.gov/Archives/edgar/data/51143/000110465906069905/0001104659-06-069905-index.htm,https://www.sec.gov/Archives/edgar/data/51143/000110465906069905/a06-19062_710q.htm
2006-06-30,IBM,2006-07-25,2006-07-25 16:17:43,Q2,21890000000,12876000000,9014000000,0.4117862037460027,1521000000,4916000000,0.0,-196000000,6437000000,19313000000,-72000000,981000000,3003000000,0.1371859296482412,2022000000,0.0923709456372773,-196000000,2888000000,0.1319323892188214,866000000,2022000000,0.0923709456372773,0.0,0.0,0.0,0.0,https://www.sec.gov/Archives/edgar/data/51143/000110465906048719/0001104659-06-048719-index.htm,https://www.sec.gov/Archives/edgar/data/51143/000110465906048719/a06-15152_110q.htm
2006-03-31,IBM,2006-04-25,2006-04-25 16:17:59,Q1,20659000000,12571000000,8088000000,0.39150007260758024,1456000000,4602000000,0.0,-246000000,6058000000,18629000000,-66000000,943000000,2651000000,0.12832179679558545,1708000000,0.08267583135679366,-246000000,2440000000,0.11810833050970522,732000000,1708000000,0.08267583135679366,0.0,0.0,0.0,0.0,https://www.sec.gov/Archives/edgar/data/51143/000110465906027428/0001104659-06-027428-index.htm,https://www.sec.gov/Archives/edgar/data/51143/000110465906027428/a06-9204_110q.htm
2005-12-31,IBM,2006-02-28,2006-02-28 16:50:07,FY,24427000000,13662000000,10765000000,0.440700863798256,1459000000,5252000000,0.0,-334000000,6711000000,20373000000,-48000000,1063000000,4283000000,0.17533876448192573,3220000000,0.13182134523273428,-334000000,4568000000,0.1870061816842019,1348000000,3160000000,0.12936504687436035,0.0,0.0,0.0,0.0,https://www.sec.gov/Archives/edgar/data/51143/000104746906002608/0001047469-06-002608-index.htm,https://www.sec.gov/Archives/edgar/data/51143/000104746906002608/a2166922z10-k.htm
2005-09-30,IBM,2005-10-25,2005-10-25 13:41:41,Q3,21529000000,12791000000,8738000000,0.40587115054113054,1447000000,4632000000,0.0,-99000000,6079000000,18870000000,-56000000,973000000,2489000000,0.1156115007664081,1516000000,0.07041664731292675,-99000000,2915000000,0.13539876445724372,1399000000,1516000000,0.07041664731292675,0.0,0.0,0.0,0.0,https://www.sec.gov/Archives/edgar/data/51143/000110465905050000/0001104659-05-050000-index.htm,https://www.sec.gov/Archives/edgar/data/51143/000110465905050000/a05-17893_110q.htm
2005-06-30,IBM,2005-07-26,2005-07-26 16:20:33,Q2,22270000000,13495000000,8775000000,0.3940278401436911,1477000000,6497000000,0.0,-1711000000,7974000000,21469000000,-67000000,1079000000,2930000000,0.1315671306690615,1851000000,0.08311629995509655,-1711000000,4140000000,0.18590031432420295,882000000,3258000000,0.1462954647507858,0.0,0.0,0.0,0.0,https://www.sec.gov/Archives/edgar/data/51143/000110465905034155/0001104659-05-034155-index.htm,https://www.sec.gov/Archives/edgar/data/51143/000110465905034155/a05-12302_410q.htm
2005-03-31,IBM,2005-04-26,2005-04-26 17:01:02,Q1,22908000000,14654000000,8254000000,0.36031080845119606,1459000000,4933000000,0.0,22000000,6392000000,21046000000,-49000000,1032000000,2439000000,0.10646935568360398,1407000000,0.06141959140911472,22000000,603000000,0.026322682032477736,603000000,0.0,0.0,0.0,0.0,0.0,0.0,https://www.sec.gov/Archives/edgar/data/51143/000110465905018203/0001104659-05-018203-index.htm,https://www.sec.gov/Archives/edgar/data/51143/000110465905018203/a05-7213_110q.htm
2004-09-30,IBM,2004-10-28,2004-10-28 17:03:44,Q3,23429000000,14783000000,8646000000,0.36902983482009477,1419000000,4978000000,0.0,-55000000,6397000000,21180000000,-32000000,981000000,2781000000,0.1186990481881429,1800000000,0.07682786290494686,-55000000,2531000000,0.10802851167356695,731000000,1800000000,0.07682786290494686,0.0,0.0,0.0,0.0,https://www.sec.gov/Archives/edgar/data/51143/000110465904032411/0001104659-04-032411-index.htm,https://www.sec.gov/Archives/edgar/data/51143/000110465904032411/a04-12261_110q.htm
2004-06-30,IBM,2004-07-30,2004-07-30 14:16:24,Q2,23153000000,14628000000,8525000000,0.3682028246879454,1426000000,9116000000,0.0,-4448000000,10542000000,25170000000,-33000000,942000000,2932000000,0.12663585712434675,1990000000,0.08594998488316849,-4448000000,2843000000,0.12279186282555177,853000000,1991000000,0.08599317583034596,0.0,0.0,10012500000,10012500000,https://www.sec.gov/Archives/edgar/data/51143/000110465904021678/0001104659-04-021678-index.htm,https://www.sec.gov/Archives/edgar/data/51143/000110465904021678/a04-7971_110q.htm
2004-03-31,IBM,2004-05-07,2004-05-07 17:30:36,Q1,22250000000,14241000000,8009000000,0.3599550561797753,1367000000,0.0,0.0,4484000000,1367000000,15608000000,-35000000,998000000,2601000000,0.11689887640449438,1603000000,0.07204494382022472,4484000000,2290000000,0.10292134831460674,687000000,1602000000,0.072,0.16,0.16,10012500000,10012500000,https://www.sec.gov/Archives/edgar/data/51143/000110465904013278/0001104659-04-013278-index.htm,https://www.sec.gov/Archives/edgar/data/51143/000110465904013278/a04-5397_110q.htm
2003-12-31,IBM,2004-03-08,2004-03-08 15:28:07,FY,67609000000,42403000000,25206000000,0.37282018666153915,3770000000,13549000000,0.0,212000000,17319000000,59722000000,-112000000,1052000000,6880000000,0.1017615997870106,5828000000,0.08620154121492701,212000000,8325000000,0.12313449392832315,2497000000,5798000000,0.085757813308879,0.0,0.0,0.0,0.0,https://www.sec.gov/Archives/edgar/data/51143/000104746904006934/0001047469-04-006934-index.htm,https://www.sec.gov/Archives/edgar/data/51143/000104746904006934/a2129092z10-k.htm
2003-09-30,IBM,2003-11-10,2003-11-10 09:55:29,Q1,21522000000,13710000000,7812000000,0.3629774184555339,1307000000,4303000000,0.0,26000000,5610000000,19320000000,-33000000,2909000000,4694000000,0.21810240683951307,1785000000,0.08293838862559241,26000000,2549000000,0.11843694823901124,764000000,1785000000,0.08293838862559241,0.0,0.0,0.0,0.0,https://www.sec.gov/Archives/edgar/data/51143/000104746903036586/0001047469-03-036586-index.htm,https://www.sec.gov/Archives/edgar/data/51143/000104746903036586/a2122202z10-q.htm
