date,symbol,fillingDate,acceptedDate,period,revenue,costOfRevenue,grossProfit,grossProfitRatio,researchAndDevelopmentExpenses,generalAndAdministrativeExpenses,sellingAndMarketingExpenses,otherExpenses,operatingExpenses,costAndExpenses,interestExpense,depreciationAndAmortization,ebitda,ebitdaratio,operatingIncome,operatingIncomeRatio,totalOtherIncomeExpensesNet,incomeBeforeTax,incomeBeforeTaxRatio,incomeTaxExpense,netIncome,netIncomeRatio,eps,epsdiluted,weightedAverageShsOut,weightedAverageShsOutDil,link,finalLink
2020-03-29,JNJ,2020-04-29,2020-04-29 16:46:01,Q1,20691000000,7062000000,13629000000,0.6586921850079744,2580000000,5203000000,5203000000,-679000000,7783000000,14845000000,25000000,1747000000,8256000000,0.399014064086,6509000000,0.314581218887,-679000000,6509000000,0.314581218887,713000000,5796000000,0.280121792084,2.2,2.17,2633700000,2671000000,https://www.sec.gov/Archives/edgar/data/200406/000020040620000035/0000200406-20-000035-index.htm,https://www.sec.gov/Archives/edgar/data/200406/000020040620000035/a1q10q03-29x20.htm
2019-12-29,JNJ,2020-02-18,2020-02-18 16:34:21,FY,20747000000,7134000000,13613000000,0.6561430568274931,3232000000,6039000000,6039000000,16000000,9271000000,16405000000,85000000,1816000000,5826000000,0.280811683617,4010000000,0.193280956283,16000000,1340000000,0.0645876512267,208000000,4010000000,0.193280956283,1.53,1.5,2645100000,2684300000,https://www.sec.gov/Archives/edgar/data/200406/000020040620000010/0000200406-20-000010-index.htm,https://www.sec.gov/Archives/edgar/data/200406/000020040620000010/form10-k20191229.htm
2019-09-29,JNJ,2019-10-28,2019-10-28 16:56:09,Q3,20729000000,6867000000,13862000000,0.6687249746731632,2599000000,5374000000,5374000000,4214000000,7973000000,14840000000,48000000,1727000000,3480000000,0.16788074678,1753000000,0.0845675141107,4214000000,1647000000,0.079453905157,-2107000000,1753000000,0.0845675141107,0.67,0.66,2649500000,2688100000,https://www.sec.gov/Archives/edgar/data/200406/000020040619000066/0000200406-19-000066-index.htm,https://www.sec.gov/Archives/edgar/data/200406/000020040619000066/a3q10q09-29x19.htm
2019-06-30,JNJ,2019-07-29,2019-07-29 16:15:43,Q2,20562000000,6940000000,13622000000,0.6624841941445385,2666000000,5546000000,5546000000,-1683000000,8212000000,15152000000,83000000,1705000000,6639000000,0.322877152028,4934000000,0.239957202607,-1683000000,7041000000,0.342427779399,1434000000,5607000000,0.272687481762,2.11,2.08,2656700000,2697000000,https://www.sec.gov/Archives/edgar/data/200406/000020040619000053/0000200406-19-000053-index.htm,https://www.sec.gov/Archives/edgar/data/200406/000020040619000053/a2q10q06-30x19.htm
2019-03-31,JNJ,2019-05-01,2019-05-01 16:33:42,Q1,20021000000,6615000000,13406000000,0.6695969232306078,2858000000,5219000000,5219000000,-22000000,8077000000,14692000000,102000000,1761000000,6183000000,0.30882573298,4422000000,0.220868088507,-22000000,4422000000,0.220868088507,673000000,3749000000,0.187253383947,1.41,1.39,2660800000,2698800000,https://www.sec.gov/Archives/edgar/data/200406/000020040619000033/0000200406-19-000033-index.htm,https://www.sec.gov/Archives/edgar/data/200406/000020040619000033/a1q10q03-31x19.htm
2018-12-30,JNJ,2019-02-20,2019-02-20 16:40:34,FY,20394000000,6961000000,13433000000,0.6586741198391683,3224000000,5991000000,5991000000,978000000,9215000000,16176000000,250000000,1735000000,4857000000,0.238158281848,3122000000,0.153084240463,978000000,3122000000,0.153084240463,80000000,3042000000,0.149161518094,1.13,1.12,2681500000,2728700000,https://www.sec.gov/Archives/edgar/data/200406/000020040619000009/0000200406-19-000009-index.htm,https://www.sec.gov/Archives/edgar/data/200406/000020040619000009/form10-k20181230.htm
2018-09-30,JNJ,2018-10-31,2018-10-31 16:12:26,Q3,20348000000,6589000000,13759000000,0.6761843915863966,2508000000,5543000000,16549000000,427000000,8051000000,14640000000,243000000,1731000000,6154000000,0.302437586004,4423000000,0.217367800275,427000000,4423000000,0.217367800275,489000000,3934000000,0.193335954394,1.47,1.44,2682600000,2729600000,https://www.sec.gov/Archives/edgar/data/200406/000020040618000055/0000200406-18-000055-index.htm,https://www.sec.gov/Archives/edgar/data/200406/000020040618000055/a3q10q09-30x18.htm
2018-07-01,JNJ,2018-08-02,2018-08-01 20:08:32,Q2,20830000000,6927000000,13903000000,0.6674507921267403,2639000000,5743000000,11006000000,442000000,8382000000,15309000000,253000000,1717000000,6690000000,0.321171387422,4973000000,0.238742198752,442000000,4973000000,0.238742198752,1019000000,3954000000,0.189822371579,1.47,1.45,2682200000,2728500000,https://www.sec.gov/Archives/edgar/data/200406/000020040618000041/0000200406-18-000041-index.htm,https://www.sec.gov/Archives/edgar/data/200406/000020040618000041/a2q10q07-01x18.htm
2018-04-01,JNJ,2018-05-01,2018-05-01 16:35:56,Q1,20009000000,6614000000,13395000000,0.6694487480633715,2404000000,5263000000,0.0,-18000000,7667000000,14281000000,259000000,1746000000,7227000000,0.36118746564,5481000000,0.27392673297,-18000000,5481000000,0.27392673297,1114000000,4367000000,0.218251786696,1.63,1.6,2682200000,2731900000,https://www.sec.gov/Archives/edgar/data/200406/000020040618000019/0000200406-18-000019-index.htm,https://www.sec.gov/Archives/edgar/data/200406/000020040618000019/a1q10q04-01x18.htm
2017-12-31,JNJ,2018-02-21,2018-02-21 16:49:20,FY,20195000000,7243000000,12952000000,0.6413468680366428,3635000000,6025000000,21420000000,242000000,9660000000,16903000000,274000000,1869000000,4429000000,0.21931171082,2560000000,0.126764050508,242000000,2560000000,0.126764050508,13273000000,1300000000,0.017004578155657292,-3.98,-3.9,2692000000,2745300000,https://www.sec.gov/Archives/edgar/data/200406/000020040618000005/0000200406-18-000005-index.htm,https://www.sec.gov/Archives/edgar/data/200406/000020040618000005/form10-k20171231.htm
2017-10-01,JNJ,2017-11-02,2017-11-02 16:13:40,Q3,19650000000,6902000000,12748000000,0.6487531806615776,2574000000,5396000000,0.0,-59000000,7970000000,14872000000,229000000,1711000000,6501000000,0.330839694656,4790000000,0.243765903308,-59000000,4790000000,0.243765903308,1026000000,3764000000,0.19155216285,1.4,1.37,2694400000,2746400000,https://www.sec.gov/Archives/edgar/data/200406/000020040617000052/0000200406-17-000052-index.htm,https://www.sec.gov/Archives/edgar/data/200406/000020040617000052/a3q10q10-01x17.htm
2017-07-02,JNJ,2017-08-03,2017-08-03 16:30:16,Q2,18839000000,5823000000,13016000000,0.6909071606773183,2285000000,5262000000,0.0,-44000000,7547000000,13370000000,227000000,1150000000,5898000000,0.313073942354,4748000000,0.252030362546,-44000000,4748000000,0.252030362546,921000000,3827000000,0.203142417326,1.43,1.39,2699300000,2749400000,https://www.sec.gov/Archives/edgar/data/200406/000020040617000042/0000200406-17-000042-index.htm,https://www.sec.gov/Archives/edgar/data/200406/000020040617000042/a2q10q07-02x17.htm
2017-04-02,JNJ,2017-05-08,2017-05-08 16:19:31,Q1,17766000000,5386000000,12380000000,0.6968366542834628,2060000000,4737000000,0.0,-33000000,6797000000,12183000000,204000000,912000000,6487000000,0.36513565237,5575000000,0.313801643589,-33000000,5575000000,0.313801643589,1153000000,4422000000,0.248902397839,1.63,1.61,2706600000,2754500000,https://www.sec.gov/Archives/edgar/data/200406/000020040617000024/0000200406-17-000024-index.htm,https://www.sec.gov/Archives/edgar/data/200406/000020040617000024/a1q10q04-02x17.htm
2017-01-01,JNJ,2017-02-27,2017-02-27 16:52:48,FY,18106000000,5534000000,12572000000,0.694355462277698,2640000000,5309000000,19945000000,594000000,7949000000,13483000000,184000000,1055000000,5379000000,0.297083839611,4324000000,0.238815862145,594000000,4324000000,0.238815862145,510000000,3814000000,0.210648403844,1.4,1.38,2737300000,2788900000,https://www.sec.gov/Archives/edgar/data/200406/000020040617000006/0000200406-17-000006-index.htm,https://www.sec.gov/Archives/edgar/data/200406/000020040617000006/form10-k20170101.htm
2016-10-02,JNJ,2016-11-04,2016-11-04 16:03:27,Q3,17820000000,5486000000,12334000000,0.6921436588103255,2178000000,4772000000,0.0,-110000000,6950000000,12436000000,192000000,908000000,6189000000,0.347306397306,5281000000,0.296352413019,-110000000,5281000000,0.296352413019,1009000000,4272000000,0.239730639731,1.57,1.53,2744900000,2796600000,https://www.sec.gov/Archives/edgar/data/200406/000020040616000112/0000200406-16-000112-index.htm,https://www.sec.gov/Archives/edgar/data/200406/000020040616000112/a3q10q10-02x16.htm
2016-07-03,JNJ,2016-08-04,2016-08-04 16:08:40,Q2,18482000000,5336000000,13146000000,0.7112866572881723,2264000000,5176000000,0.0,-106000000,7440000000,12776000000,190000000,900000000,5804000000,0.314035277567,4904000000,0.265339248999,-106000000,4904000000,0.265339248999,742000000,4162000000,0.225192078779,1.51,1.48,2751400000,2800900000,https://www.sec.gov/Archives/edgar/data/200406/000020040616000105/0000200406-16-000105-index.htm,https://www.sec.gov/Archives/edgar/data/200406/000020040616000105/a2q10q7-03x16.htm
2016-04-03,JNJ,2016-05-10,2016-05-09 17:52:06,Q1,17482000000,5329000000,12153000000,0.6951721770964421,2013000000,4688000000,0.0,-52000000,6701000000,12030000000,160000000,891000000,6185000000,0.353792472257,5294000000,0.302825763643,-52000000,5294000000,0.302825763643,1002000000,4292000000,0.245509667086,1.56,1.54,2757200000,2795400000,https://www.sec.gov/Archives/edgar/data/200406/000020040616000084/0000200406-16-000084-index.htm,https://www.sec.gov/Archives/edgar/data/200406/000020040616000084/a1q10q4-03x16.htm
2016-01-03,JNJ,2016-02-24,2016-02-24 16:58:53,FY,17811000000,5673000000,12138000000,0.6814889674919993,2864000000,5891000000,21203000000,-2091000000,8755000000,14428000000,160000000,1033000000,4791000000,0.268991072932,3758000000,0.210993206445,-2091000000,3758000000,0.210993206445,543000000,3215000000,0.180506428612,1.17,1.15,2771800000,2812900000,https://www.sec.gov/Archives/edgar/data/200406/000020040616000071/0000200406-16-000071-index.htm,https://www.sec.gov/Archives/edgar/data/200406/000020040616000071/form10-k20160103.htm
2015-09-27,JNJ,2015-10-30,2015-10-30 16:03:39,Q3,17102000000,5224000000,11878000000,0.6945386504502398,2154000000,5081000000,0.0,27000000,7235000000,12459000000,123000000,929000000,5051000000,0.295345573617,4122000000,0.241024441586,27000000,4122000000,0.241024441586,764000000,3358000000,0.196351303941,1.21,1.2,2774800000,2817100000,https://www.sec.gov/Archives/edgar/data/200406/000020040615000060/0000200406-15-000060-index.htm,https://www.sec.gov/Archives/edgar/data/200406/000020040615000060/a3q10q9-27x15.htm
2015-06-28,JNJ,2015-07-31,2015-07-31 16:28:56,Q2,17787000000,5357000000,12430000000,0.6988249845392702,2129000000,5384000000,0.0,69000000,7513000000,12870000000,131000000,889000000,6630000000,0.372744138978,5741000000,0.32276381627,69000000,5741000000,0.32276381627,1225000000,4516000000,0.253893292854,1.63,1.6,2777700000,2821000000,https://www.sec.gov/Archives/edgar/data/200406/000020040615000044/0000200406-15-000044-index.htm,https://www.sec.gov/Archives/edgar/data/200406/000020040615000044/a2q10q6-28x15.htm
2015-03-29,JNJ,2015-05-01,2015-05-01 16:13:55,Q1,17374000000,5282000000,12092000000,0.6959825025900771,1899000000,4847000000,0.0,97000000,6746000000,12028000000,138000000,895000000,6470000000,0.372395533556,5575000000,0.320881777368,97000000,5575000000,0.320881777368,1255000000,4320000000,0.248647404167,1.55,1.53,2782600000,2826000000,https://www.sec.gov/Archives/edgar/data/200406/000020040615000019/0000200406-15-000019-index.htm,https://www.sec.gov/Archives/edgar/data/200406/000020040615000019/a1q10q3-29x15.htm
2014-12-28,JNJ,2015-02-24,2015-02-23 19:11:03,FY,18254000000,5853000000,12401000000,0.6793579489426975,2635000000,5822000000,21954000000,-142000000,8457000000,14310000000,139000000,991000000,7752000000,0.424674044045,6761000000,0.370384573244,-142000000,2703000000,0.148077133779,182000000,2521000000,0.138106716336,0.91,0.89,2815200000,2863900000,https://www.sec.gov/Archives/edgar/data/200406/000020040615000004/0000200406-15-000004-index.htm,https://www.sec.gov/Archives/edgar/data/200406/000020040615000004/a2014122810-k.htm
2014-09-28,JNJ,2014-10-30,2014-10-30 17:09:48,Q3,18467000000,5399000000,13068000000,0.7076406563058428,2023000000,5468000000,0.0,72000000,7491000000,12890000000,130000000,939000000,5688000000,0.308008880706,4749000000,0.257161423079,72000000,6810000000,0.368765906753,2061000000,4749000000,0.257161423079,1.69,1.66,2822000000,2871200000,https://www.sec.gov/Archives/edgar/data/200406/000020040614000097/0000200406-14-000097-index.htm,https://www.sec.gov/Archives/edgar/data/200406/000020040614000097/a3q10q9-28x14.htm
2014-06-29,JNJ,2014-08-01,2014-08-01 16:57:55,Q2,19495000000,6039000000,13456000000,0.690228263657348,2005000000,5481000000,0.0,14000000,7486000000,13525000000,128000000,952000000,5278000000,0.270736086176,4326000000,0.221903052065,14000000,5626000000,0.288586817133,1300000000,4326000000,0.221903052065,1.53,1.51,2826500000,2875500000,https://www.sec.gov/Archives/edgar/data/200406/000020040614000089/0000200406-14-000089-index.htm,https://www.sec.gov/Archives/edgar/data/200406/000020040614000089/a2q10q6-29x14.htm
2014-03-30,JNJ,2014-05-02,2014-05-02 16:09:37,Q1,18115000000,5455000000,12660000000,0.69886834115374,1831000000,5183000000,0.0,2000000.0,7014000000,12469000000,136000000,1013000000,5740000000,0.316864476953,4727000000,0.260943969086,2000000.0,5424000000,0.0,697000000,4727000000,0.260943969086,1.67,1.64,2826800000,2874700000,https://www.sec.gov/Archives/edgar/data/200406/000020040614000047/0000200406-14-000047-index.htm,https://www.sec.gov/Archives/edgar/data/200406/000020040614000047/a1q10q3-30x14.htm
2013-12-29,JNJ,2014-02-21,2014-02-21 14:29:51,FY,18355000000,5955000000,12400000000,0.6755652410787252,2411000000,5917000000,5917000000,868000000,8328000000,14283000000,134000000,1102000000,4621000000,0.251757014437,3519000000,0.19171887769,868000000,6005000000,0.327158812313,-769000000,3519000000,0.19171887769,1.24,1.23,2809200000,2877000000,https://www.sec.gov/Archives/edgar/data/200406/000020040614000033/0000200406-14-000033-index.htm,https://www.sec.gov/Archives/edgar/data/200406/000020040614000033/a2013122910-k.htm
2013-09-29,JNJ,2013-11-04,2013-11-04 16:40:59,Q3,17575000000,5344000000,12231000000,0.6959317211948791,2042000000,5314000000,15913000000,1623000000,7356000000,12700000000,105000000,976000000,3958000000,0.22520625889,2982000000,0.169672830725,1623000000,1722000000,0.0979800853485,685000000,2982000000,0.169672830725,1.06,1.03,2805600000,2879000000,https://www.sec.gov/Archives/edgar/data/200406/000020040613000112/0000200406-13-000112-index.htm,https://www.sec.gov/Archives/edgar/data/200406/000020040613000112/a3q10q9-29x13.htm
2013-06-30,JNJ,2013-08-01,2013-08-01 16:35:28,Q2,17877000000,5489000000,12388000000,0.692957431336354,1946000000,5376000000,0.0,7000000.0,7322000000,12811000000,118000000,990000000,4059000000,0.227051518711,3069000000,0.171673099513,7000000.0,4793000000,0.268109861834,960000000,3833000000,0.214409576551,1.37,1.33,2799500000,2878800000,https://www.sec.gov/Archives/edgar/data/200406/000020040613000091/0000200406-13-000091-index.htm,https://www.sec.gov/Archives/edgar/data/200406/000020040613000091/a2q10q6-30x13.htm
2013-03-31,JNJ,2013-05-03,2013-05-03 16:03:53,Q1,17505000000,5554000000,11951000000,0.6827192230791203,1784000000,5223000000,0.0,37000000,7007000000,12561000000,125000000,1036000000,5297000000,0.302599257355,4261000000,0.243416166809,37000000,4261000000,0.243416166809,764000000,3497000000,0.199771493859,1.25,1.22,2790200000,2858800000,https://www.sec.gov/Archives/edgar/data/200406/000020040613000057/0000200406-13-000057-index.htm,https://www.sec.gov/Archives/edgar/data/200406/000020040613000057/a1q10q3-31x13.htm
2012-12-30,JNJ,2013-02-22,2013-02-21 18:44:12,FY,17558000000,6003000000,11555000000,0.658104567718419,2331000000,5661000000,5661000000,319000000,7992000000,13995000000,107000000,1036000000,4136000000,0.235562136918,3100000000,0.176557694498,319000000,3100000000,0.176557694498,533000000,2567000000,0.146201161864,0.92,0.9,2753300000,2812600000,https://www.sec.gov/Archives/edgar/data/200406/000020040613000038/0000200406-13-000038-index.htm,https://www.sec.gov/Archives/edgar/data/200406/000020040613000038/a2012123010-k.htm
2012-09-30,JNJ,2012-11-09,2012-11-08 18:28:56,Q3,17052000000,5597000000,11455000000,0.6717687074829932,1923000000,5228000000,15208000000,1308000000,7151000000,12748000000,135000000,1005000000,4600000000,0.269763077645,3595000000,0.210825709594,1308000000,3595000000,0.210825709594,966000000,2968000000,0.174055829228,1.08,1.05,2747100000,2805000000,https://www.sec.gov/Archives/edgar/data/200406/000020040612000140/0000200406-12-000140-index.htm,https://www.sec.gov/Archives/edgar/data/200406/000020040612000140/jnj3q930201210q.htm
2012-07-01,JNJ,2012-08-02,2012-08-01 17:40:10,Q2,16475000000,5143000000,11332000000,0.6878300455235205,1766000000,4965000000,0.0,-1000000.0,6731000000,11874000000,143000000,852000000,2887000000,0.175235204856,2035000000,0.123520485584,-1000000.0,2035000000,0.123520485584,627000000,1408000000,0.0854628224583,0.51,0.5,2741700000,2792400000,https://www.sec.gov/Archives/edgar/data/200406/000020040612000119/0000200406-12-000119-index.htm,https://www.sec.gov/Archives/edgar/data/200406/000020040612000119/jnj2q71201210q.htm
2012-04-01,JNJ,2012-05-07,2012-05-07 16:59:07,Q1,16139000000,4915000000,11224000000,0.6954582068281802,1645000000,5015000000,0.0,-40000000,6660000000,11575000000,147000000,773000000,5818000000,0.360493215193,5045000000,0.312596815168,-40000000,5045000000,0.312596815168,1135000000,3910000000,0.242270276969,1.43,1.41,2736900000,2774900000,https://www.sec.gov/Archives/edgar/data/200406/000020040612000081/0000200406-12-000081-index.htm,https://www.sec.gov/Archives/edgar/data/200406/000020040612000081/jnj41201210q.htm
2012-01-01,JNJ,2012-02-23,2012-02-23 17:11:21,FY,65030000000,20360000000,44670000000,0.6869137321236353,7548000000,20969000000,5458000000,2858000000,28517000000,48877000000,571000000,3158000000,15519000000,0.238643702906,12361000000,0.190081500846,2858000000,12361000000,0.190081500846,2689000000,9672000000,0.148731354759,3.54,3.49,2736000000,2775300000,https://www.sec.gov/Archives/edgar/data/200406/000119312512075565/0001193125-12-075565-index.htm,https://www.sec.gov/Archives/edgar/data/200406/000119312512075565/d281803d10k.htm
2011-10-02,JNJ,2011-11-08,2011-11-08 16:03:17,Q3,16005000000,5072000000,10933000000,0.6830990315526398,1773000000,0.0,5240000000,-308000000,7013000000,12085000000,0.0,783000000,4894000000,0.3057794439237738,4111000000,0.2568572321149641,-308000000,4111000000,0.2568572321149641,909000000,3202000000,0.20006248047485162,0.0,0.0,2742105263,2778666666,https://www.sec.gov/Archives/edgar/data/200406/000095012311096471/0000950123-11-096471-index.htm,https://www.sec.gov/Archives/edgar/data/200406/000095012311096471/y93154e10vq.htm
2011-07-03,JNJ,2011-08-09,2011-08-09 16:16:33,Q2,16597000000,5172000000,11425000000,0.6883774176055913,1882000000,0.0,5215000000,206000000,7097000000,12269000000,0.0,777000000,4199000000,0.2529975296740375,3422000000,0.20618184009158283,206000000,3422000000,0.20618184009158283,646000000,2776000000,0.16725914321865398,0.0,0.0,2737007874,2780800000,https://www.sec.gov/Archives/edgar/data/200406/000095012311075098/0000950123-11-075098-index.htm,https://www.sec.gov/Archives/edgar/data/200406/000095012311075098/y91358e10vq.htm
2011-04-03,JNJ,2011-05-10,2011-05-10 14:05:22,Q1,16173000000,4778000000,11395000000,0.7045693439683423,1738000000,0.0,5056000000,-13000000,6794000000,11572000000,0.0,755000000,5265000000,0.32554257095158595,4510000000,0.278859828108576,-13000000,4510000000,0.278859828108576,1034000000,3476000000,0.21492611142026835,0.0,0.0,0.0,0.0,https://www.sec.gov/Archives/edgar/data/200406/000095012311048125/0000950123-11-048125-index.htm,https://www.sec.gov/Archives/edgar/data/200406/000095012311048125/y90387e10vq.htm
2011-01-02,JNJ,2011-02-25,2011-02-24 21:48:40,FY,15644000000,5040000000,10604000000,0.6778317565839939,6844000000,0.0,5180000000,1100000000,12024000000,17064000000,0.0,769000000,2997000000,0.19157504474558937,2228000000,0.1424188187164408,1100000000,2228000000,0.1424188187164408,286000000,1942000000,0.12413704934799284,0.0,0.0,2751690821,2792156862,https://www.sec.gov/Archives/edgar/data/200406/000095012311018128/0000950123-11-018128-index.htm,https://www.sec.gov/Archives/edgar/data/200406/000095012311018128/y86310ke10vk.htm
2010-10-03,JNJ,2010-11-10,2010-11-10 14:29:23,Q3,14982000000,4594000000,10388000000,0.6933653717794687,0.0,0.0,4709000000,-1868000000,4709000000,9303000000,0.0,725000000,4944000000,0.32999599519423306,4219000000,0.2816045921772794,-292000000,4219000000,0.2816045921772794,802000000,3417000000,0.22807368842611134,0.0,0.0,2759515570,2798245614,https://www.sec.gov/Archives/edgar/data/200406/000095012310103817/0000950123-10-103817-index.htm,https://www.sec.gov/Archives/edgar/data/200406/000095012310103817/y86465e10vq.htm
2010-07-04,JNJ,2010-08-11,2010-08-11 14:22:58,Q2,15330000000,4630000000,10700000000,0.6979778212654925,0.0,0.0,4756000000,0.0,4756000000,9386000000,0.0,711000000,4931000000,0.3216568819308545,4220000000,0.27527723418134376,18000000,4220000000,0.27527723418134376,771000000,3449000000,0.22498369210697977,0.0,0.0,2759756097,2793827160,https://www.sec.gov/Archives/edgar/data/200406/000095012310076076/0000950123-10-076076-index.htm,https://www.sec.gov/Archives/edgar/data/200406/000095012310076076/y84968e10vq.htm
2010-04-04,JNJ,2010-05-10,2010-05-10 17:04:51,Q1,15631000000,4528000000,11103000000,0.7103192374128334,0.0,0.0,4779000000,0.0,4779000000,9307000000,0.0,734000000,7014000000,0.44872369010300045,6280000000,0.4017657219627663,-1594000000,6280000000,0.4017657219627663,1754000000,4526000000,0.2895528117202994,0.0,0.0,0.0,0.0,https://www.sec.gov/Archives/edgar/data/200406/000095012310047299/0000950123-10-047299-index.htm,https://www.sec.gov/Archives/edgar/data/200406/000095012310047299/y83341e10vq.htm
2010-01-03,JNJ,2010-03-01,2010-03-01 16:50:02,FY,16551000000,5312000000,11239000000,0.67905262521902,-67135000,-27920000,5629000000,-526000000,5629000000,10941000000,0.0,744000000,3348000000,0.393563352088,2604000000,0.357180534516,-361000000,2604000000,0.384582611989,398000000,2206000000,0.384271532136,-1.72,-1.66,2763736263,2786703601,https://www.sec.gov/Archives/edgar/data/200406/000095012310019392/0000950123-10-019392-index.htm,https://www.sec.gov/Archives/edgar/data/200406/000095012310019392/y80744e10vk.htm
2009-09-27,JNJ,2009-11-04,2009-11-04 16:36:51,Q3,15081000000,4434000000,10647000000,0.705987666600358,0.0,0.0,4767000000,0.0,4767000000,9201000000,-142000000,675000000,4920000000,0.32623831310921025,4245000000,0.28148000795703204,-96000000,4245000000,0.28148000795703204,900000000,3345000000,0.2218022677541277,3.64,3.61,2763736263,2786703601,https://www.sec.gov/Archives/edgar/data/200406/000095012309057624/0000950123-09-057624-index.htm,https://www.sec.gov/Archives/edgar/data/200406/000095012309057624/y79425e10vq.htm
2009-06-28,JNJ,2009-08-04,2009-08-04 17:11:43,Q2,15239000000,4450000000,10789000000,0.7079860883260056,0.0,0.0,4797000000,75000000,4797000000,9247000000,-110000000,679000000,4942000000,0.32429949471750114,4263000000,0.2797427652733119,6000000.0,4263000000,0.2797427652733119,1055000000,3208000000,0.2105125008202638,2.43,2.41,2763374485,2786307053,https://www.sec.gov/Archives/edgar/data/200406/000095012309029672/0000950123-09-029672-index.htm,https://www.sec.gov/Archives/edgar/data/200406/000095012309029672/y78195e10vq.htm
2009-03-29,JNJ,2009-05-05,2009-05-05 17:03:26,Q1,15026000000,4251000000,10775000000,0.7170903766804206,0.0,0.0,4608000000,-75000000,4608000000,8859000000,-106000000,676000000,5319000000,0.3539864235325436,4643000000,0.30899773725542395,-75000000,4643000000,0.30899773725542395,1136000000,3507000000,0.23339544789032343,1.27,1.26,2761417322,2783333333,https://www.sec.gov/Archives/edgar/data/200406/000020040609000064/0000200406-09-000064-index.htm,https://www.sec.gov/Archives/edgar/data/200406/000020040609000064/firstqtr10q2009.htm
2008-12-28,JNJ,2009-02-20,2009-02-20 16:18:45,FY,15182000000,4372000000,10810000000,0.7120274008694507,141000000,0.0,5665000000,-638000000,5806000000,10178000000,-110000000,715000000,4232000000,0.2787511526808062,3517000000,0.2316559083124753,-638000000,3517000000,0.2316559083124753,803000000,2714000000,0.17876432617573443,4.62,4.62,2802813852,2802813852,https://www.sec.gov/Archives/edgar/data/200406/000095012309003187/0000950123-09-003187-index.htm,https://www.sec.gov/Archives/edgar/data/200406/000095012309003187/y74152e10vk.htm
2008-09-28,JNJ,2008-11-04,2008-11-04 15:02:13,Q3,15921000000,4774000000,11147000000,0.7001444632874819,0.0,0.0,5195000000,-377000000,5195000000,9969000000,-122000000,768000000,5058000000,0.3176936122102883,4290000000,0.26945543621631807,-224000000,4290000000,0.26945543621631807,980000000,3310000000,0.2079015137240123,3.64,3.6,2811813186,2843055555,https://www.sec.gov/Archives/edgar/data/200406/000020040608000146/0000200406-08-000146-index.htm,https://www.sec.gov/Archives/edgar/data/200406/000020040608000146/tenq3rdqtr2008.htm
2008-06-29,JNJ,2008-08-04,2008-08-04 15:18:29,Q2,16450000000,4751000000,11699000000,0.7111854103343465,40000000,0.0,5507000000,18000000,5547000000,10298000000,-105000000,683000000,5058000000,0.30747720364741643,4375000000,0.26595744680851063,-135000000,4375000000,0.26595744680851063,1048000000,3327000000,0.20224924012158055,2.45,2.43,2826530612,2849794238,https://www.sec.gov/Archives/edgar/data/200406/000020040608000119/0000200406-08-000119-index.htm,https://www.sec.gov/Archives/edgar/data/200406/000020040608000119/tenq2ndqtr2008.htm
2008-03-30,JNJ,2008-05-07,2008-05-07 12:33:36,Q1,16194000000,4614000000,11580000000,0.7150796591330122,0.0,0.0,5123000000,-18000000,5123000000,9737000000,-98000000,666000000,5413000000,0.3342596023218476,4747000000,0.29313325923181427,-18000000,4747000000,0.29313325923181427,1149000000,3598000000,0.22218105471162158,1.27,1.26,2833070866,2855555555,https://www.sec.gov/Archives/edgar/data/200406/000020040608000084/0000200406-08-000084-index.htm,https://www.sec.gov/Archives/edgar/data/200406/000020040608000084/firstquarter10q2008.htm
2007-12-30,JNJ,2008-02-26,2008-02-26 16:39:42,FY,7771000000,2694000000,5077000000,0.6533264702097542,248000000,0.0,3018000000,1205000000,3266000000,5960000000,-233000000,600000000,-704000000,-0.09059323124437009,-1304000000,-0.16780337150945823,1205000000,-1304000000,-0.16780337150945823,-827000000,-477000000,-0.06138206151074508,3.67,3.67,2881743869,2881743869,https://www.sec.gov/Archives/edgar/data/200406/000095012308002130/0000950123-08-002130-index.htm,https://www.sec.gov/Archives/edgar/data/200406/000095012308002130/y47910e10vk.htm
