date,symbol,fillingDate,acceptedDate,period,revenue,costOfRevenue,grossProfit,grossProfitRatio,researchAndDevelopmentExpenses,generalAndAdministrativeExpenses,sellingAndMarketingExpenses,otherExpenses,operatingExpenses,costAndExpenses,interestExpense,depreciationAndAmortization,ebitda,ebitdaratio,operatingIncome,operatingIncomeRatio,totalOtherIncomeExpensesNet,incomeBeforeTax,incomeBeforeTaxRatio,incomeTaxExpense,netIncome,netIncomeRatio,eps,epsdiluted,weightedAverageShsOut,weightedAverageShsOutDil,link,finalLink
2020-03-31,LLY,2020-05-01,2020-05-01 09:46:45,Q1,5859800000,1215100000,4644700000,0.7926379739922864,1392100000,1549600000,1549000000,-89000000,2941700000,4156800000,92500000,273600000,1953500000,0.333373152667,1679900000,0.286682139322,89100000,1679900000,0.286682139322,223400000,1456500000,0.248557971262,1.6,1.6,908200000,911700000,https://www.sec.gov/Archives/edgar/data/59478/000005947820000104/0000059478-20-000104-index.htm,https://www.sec.gov/Archives/edgar/data/59478/000005947820000104/lly-3312020x10q.htm
2019-12-31,LLY,2020-02-19,2020-02-19 12:33:26,FY,6114000000,1282600000,4831400000,0.7902191691200523,1581400000,1698100000,-4515000000,9071000000,3279500000,4562100000,95900000,340700000,2003800000,0.327739614001,1663100000,0.272015047432,262900000,1663100000,0.272015047432,167400000,1495700000,0.24463526333,1.66,1.65,931059000,935684000,https://www.sec.gov/Archives/edgar/data/59478/000005947820000057/0000059478-20-000057-index.htm,https://www.sec.gov/Archives/edgar/data/59478/000005947820000057/lly-20191231x10xk.htm
2019-09-30,LLY,2019-10-25,2019-10-25 11:54:53,Q3,5476600000,1175000000,4301600000,0.7854508271555345,1380900000,1412300000,1412000000,25000000,2793200000,3968200000,107300000,288000000,1693800000,0.309279479969,1405800000,0.256692108242,25000000,1405800000,0.256692108242,151900000,1253900000,0.228955921557,1.41,1.4,938200000,942400000,https://www.sec.gov/Archives/edgar/data/59478/000005947819000278/0000059478-19-000278-index.htm,https://www.sec.gov/Archives/edgar/data/59478/000005947819000278/lly-9302019x10q.htm
2019-06-30,LLY,2019-08-02,2019-08-02 12:47:25,Q2,5636700000,1124900000,4511800000,0.8004328773928008,1402200000,1586300000,1586000000,33000000,2988500000,4113400000,110900000,247400000,1713300000,0.303954441428,1465900000,0.260063512339,33000000,1465900000,0.260063512339,138700000,1327200000,0.235456916281,1.53,1.53,950400000,954200000,https://www.sec.gov/Archives/edgar/data/59478/000005947819000232/0000059478-19-000232-index.htm,https://www.sec.gov/Archives/edgar/data/59478/000005947819000232/lly-6302019x10q.htm
2019-03-31,LLY,2019-05-02,2019-05-02 14:09:01,Q1,5092200000,1138700000,3953500000,0.7763834884725659,1230500000,1517100000,1517000000,-86000000,2747600000,3886300000,86500000,356500000,1087600000,0.213581556105,731100000,0.143572522682,86000000,731100000,0.143572522682,170000000,4241600000,0.83296021366,4.33,4.31,979900000,984000000,https://www.sec.gov/Archives/edgar/data/59478/000005947819000174/0000059478-19-000174-index.htm,https://www.sec.gov/Archives/edgar/data/59478/000005947819000174/lly-3312019x10q.htm
2018-12-31,LLY,2019-02-19,2019-02-19 10:41:31,FY,6438600000,1593700000,4844900000,0.7524772466064051,1453800000,1861500000,-4770000000,10045000000,3315300000,4909000000,78200000,345500000,1284400000,0.199484359954,938900000,0.145823626254,90000000,938900000,0.145823626254,-186100000,1125000000,0.174727425217,1.1,1.1,1027721000,1033667000,https://www.sec.gov/Archives/edgar/data/59478/000005947819000082/0000059478-19-000082-index.htm,https://www.sec.gov/Archives/edgar/data/59478/000005947819000082/lly-20181231x10xk.htm
2018-09-30,LLY,2018-11-06,2018-11-06 10:35:10,Q3,6061900000,1562300000,4499600000,0.7422755241755885,1343300000,1616600000,1617000000,15000000,2959900000,4522200000,69400000,415500000,1826500000,0.301308170706,1411000000,0.232765304607,15000000,1411000000,0.232765304607,261500000,1149500000,0.189627014632,1.12,1.11,1033200000,1037800000,https://www.sec.gov/Archives/edgar/data/59478/000005947818000256/0000059478-18-000256-index.htm,https://www.sec.gov/Archives/edgar/data/59478/000005947818000256/lly-9302018x10q.htm
2018-06-30,LLY,2018-07-25,2018-07-25 16:48:39,Q2,6355200000,1702700000,4652500000,0.7320776686807654,1333100000,1653700000,1653000000,-38000000,2986800000,4689500000,63300000,425200000,430000000,0.0676611278953,4800000.0,0.000755287009063,38000000,4800000.0,0.000755287009063,264700000,-260000000,-0.040912667191188044,-0.24,-0.24,1039600000,1041600000,https://www.sec.gov/Archives/edgar/data/59478/000005947818000188/0000059478-18-000188-index.htm,https://www.sec.gov/Archives/edgar/data/59478/000005947818000188/lly-6302018x10q.htm
2018-03-31,LLY,2018-04-27,2018-04-27 11:32:39,Q1,5700000000,1571300000,4128700000,0.7243333333333334,1176900000,1500000000,1500000000,-67000000,2676900000,4248200000,61200000,422800000,1863800000,0.32698245614,1441000000,0.252807017544,67500000,1441000000,0.252807017544,223600000,1217400000,0.213578947368,1.16,1.16,1048000000,1049800000,https://www.sec.gov/Archives/edgar/data/59478/000005947818000136/0000059478-18-000136-index.htm,https://www.sec.gov/Archives/edgar/data/59478/000005947818000136/lly-3312018x10q.htm
2017-12-31,LLY,2018-02-20,2018-02-20 17:27:37,FY,6160700000,1624800000,4535900000,0.7362637362637363,1473200000,1780500000,0.0,3203000000,3253700000,4878500000,62900000,411900000,696000000,0.112974175013,284100000,0.0461148895418,55100000,284100000,0.0461148895418,1941000000,-1656000000,-0.2688311688311688,-1.57,-1.56,1052023000,1052023000,https://www.sec.gov/Archives/edgar/data/59478/000005947818000089/0000059478-18-000089-index.htm,https://www.sec.gov/Archives/edgar/data/59478/000005947818000089/lly-20171231x10xk.htm
2017-09-30,LLY,2017-10-27,2017-10-27 11:53:10,Q3,5658000000,1566100000,4091900000,0.7232060798868858,1319400000,1555500000,1555000000,13000000,2874900000,4441000000,61900000,372900000,964500000,0.17046659597,591600000,0.104559915164,13000000,591600000,0.104559915164,36000000,555600000,0.098197242842,0.53,0.52,1054800000,1057000000,https://www.sec.gov/Archives/edgar/data/59478/000005947817000204/0000059478-17-000204-index.htm,https://www.sec.gov/Archives/edgar/data/59478/000005947817000204/lly-9302017x10q.htm
2017-06-30,LLY,2017-07-28,2017-07-28 11:42:15,Q2,5824300000,1551600000,4272700000,0.7335988874199475,1250900000,1707400000,1708000000,4000000.0,2958300000,4509900000,53600000,395600000,1656100000,0.284343182872,1260500000,0.216420857442,4000000.0,1260500000,0.216420857442,252500000,1008000000,0.173068008173,0.95,0.95,1055600000,1057500000,https://www.sec.gov/Archives/edgar/data/59478/000005947817000183/0000059478-17-000183-index.htm,https://www.sec.gov/Archives/edgar/data/59478/000005947817000183/lly-6302017x10q.htm
2017-03-31,LLY,2017-05-01,2017-05-01 11:49:54,Q1,5228300000,1327700000,3900600000,0.7460551230801599,1238300000,1544700000,1544000000,-15000000,2783000000,4110700000,46600000,386900000,448100000,0.0857066350439,61200000,0.0117055256967,15100000,61200000,0.0117055256967,172000000,-110000000,-0.021040550879877582,-0.1,-0.1,1056300000,1056300000,https://www.sec.gov/Archives/edgar/data/59478/000005947817000129/0000059478-17-000129-index.htm,https://www.sec.gov/Archives/edgar/data/59478/000005947817000129/lly-3312017x10q.htm
2016-12-31,LLY,2017-02-21,2017-02-21 15:32:29,FY,5760500000,1466000000,4294500000,0.745508202412985,1450600000,1790100000,0.0,3212000000,3240700000,4706700000,51400000,344600000,1236600000,0.21466886555,892000000,0.154847669473,15800000,892000000,0.154847669473,120200000,771800000,0.133981425224,0.73,0.73,1058324000,1061825000,https://www.sec.gov/Archives/edgar/data/59478/000005947817000098/0000059478-17-000098-index.htm,https://www.sec.gov/Archives/edgar/data/59478/000005947817000098/lly-20161231x10xk.htm
2016-09-30,LLY,2016-10-28,2016-10-28 12:02:04,Q3,5191700000,1400900000,3790800000,0.730165456401564,1236400000,1565400000,1565000000,-27000000,2801800000,4202700000,47200000,392800000,1363500000,0.262630737523,970700000,0.186971512221,27200000,970700000,0.186971512221,192700000,778000000,0.149854575573,0.74,0.73,1058400000,1061100000,https://www.sec.gov/Archives/edgar/data/59478/000005947816000440/0000059478-16-000440-index.htm,https://www.sec.gov/Archives/edgar/data/59478/000005947816000440/lly-9302016x10q.htm
2016-06-30,LLY,2016-07-28,2016-07-28 13:00:37,Q2,5404800000,1465000000,3939800000,0.7289446417998816,1335900000,1622600000,1623000000,-22000000,2958500000,4423500000,43200000,373700000,1318200000,0.243894316163,944500000,0.174752072232,21200000,944500000,0.174752072232,196800000,747700000,0.138339994079,0.7,0.71,1058800000,1061000000,https://www.sec.gov/Archives/edgar/data/59478/000005947816000399/0000059478-16-000399-index.htm,https://www.sec.gov/Archives/edgar/data/59478/000005947816000399/lly-6302016x10q.htm
2016-03-31,LLY,2016-04-29,2016-04-29 13:26:48,Q1,4865100000,1323000000,3542100000,0.7280631436147252,1221000000,1473900000,1473000000,149000000,2694900000,4017900000,43400000,385500000,952300000,0.195741094736,566800000,0.116503257898,149000000,566800000,0.116503257898,126700000,440100000,0.0904606277363,0.42,0.41,1059900000,1063100000,https://www.sec.gov/Archives/edgar/data/59478/000005947816000353/0000059478-16-000353-index.htm,https://www.sec.gov/Archives/edgar/data/59478/000005947816000353/lly-3312016x10q.htm
2015-12-31,LLY,2016-02-19,2016-02-19 15:42:05,FY,5375600000,1389200000,3986400000,0.7415730337078652,1444200000,1798400000,0.0,3043000000,3242600000,4631800000,44200000,343400000,788000000,0.146588287819,444600000,0.0827070466553,44700000,444600000,0.0827070466553,-33800000,478400000,0.0889947168688,0.45,0.45,1061913000,1065720000,https://www.sec.gov/Archives/edgar/data/59478/000005947816000321/0000059478-16-000321-index.htm,https://www.sec.gov/Archives/edgar/data/59478/000005947816000321/lly-20151231x10k.htm
2015-09-30,LLY,2015-10-30,2015-10-30 15:07:28,Q3,4959700000,1236900000,3722800000,0.7506099159223341,1143400000,1575700000,1576000000,-85000000,2719100000,3956000000,39300000,358300000,1406100000,0.283505050709,1047800000,0.211262777991,86500000,1047800000,0.211262777991,248100000,799700000,0.161239591104,0.76,0.75,1062400000,1066000000,https://www.sec.gov/Archives/edgar/data/59478/000005947815000175/0000059478-15-000175-index.htm,https://www.sec.gov/Archives/edgar/data/59478/000005947815000175/lly-9302015x10q.htm
2015-06-30,LLY,2015-07-30,2015-07-30 16:17:28,Q2,4978700000,1218400000,3760300000,0.7552774820736337,1169500000,1635400000,1635000000,122000000,2804900000,4023300000,36800000,368500000,1048200000,0.210536887139,679700000,0.136521581939,122000000,679700000,0.136521581939,78900000,600800000,0.120674071545,0.56,0.56,1063000000,1066300000,https://www.sec.gov/Archives/edgar/data/59478/000005947815000164/0000059478-15-000164-index.htm,https://www.sec.gov/Archives/edgar/data/59478/000005947815000164/lly-6302015x10q.htm
2015-03-31,LLY,2015-04-30,2015-04-30 14:14:18,Q1,4644700000,1192700000,3452000000,0.7432126940383663,1039300000,1523500000,1523000000,-92000000,2562800000,3755500000,40900000,357500000,975400000,0.210002798889,617900000,0.13303334984,92700000,617900000,0.13303334984,88400000,529500000,0.114000904256,0.5,0.5,1064200000,1067000000,https://www.sec.gov/Archives/edgar/data/59478/000005947815000132/0000059478-15-000132-index.htm,https://www.sec.gov/Archives/edgar/data/59478/000005947815000132/lly-3312015x10q.htm
2014-12-31,LLY,2015-02-19,2015-02-19 16:02:25,FY,5121300000,1253100000,3868200000,0.7553160330384863,1185700000,1799900000,1800000000,-137000000,2985600000,4238700000,37400000,339400000,853000000,0.16655927206,513600000,0.100287036495,137200000,513600000,0.100287036495,85100000,428500000,0.083670161873,0.4,0.41,1069932000,1074286000,https://www.sec.gov/Archives/edgar/data/59478/000005947815000100/0000059478-15-000100-index.htm,https://www.sec.gov/Archives/edgar/data/59478/000005947815000100/lly-20141231x10k.htm
2014-09-30,LLY,2014-10-29,2014-10-29 14:28:56,Q3,4875600000,1267000000,3608600000,0.7401345475428666,1243200000,1672100000,1672000000,-94000000,2915300000,4182300000,38100000,342400000,997900000,0.204672245467,655500000,0.134444991386,93500000,655500000,0.134444991386,154900000,500600000,0.10267454262,0.47,0.46,1071400000,1075700000,https://www.sec.gov/Archives/edgar/data/59478/000005947814000169/0000059478-14-000169-index.htm,https://www.sec.gov/Archives/edgar/data/59478/000005947814000169/lly-9302014x10q.htm
2014-06-30,LLY,2014-07-28,2014-07-28 11:57:12,Q2,4935600000,1189700000,3745900000,0.7589553448415592,1195400000,1663900000,1664000000,-53000000,2859300000,4049000000,35500000,348400000,1288800000,0.261123267688,940400000,0.190534078937,53800000,940400000,0.190534078937,206900000,733500000,0.148614150255,0.68,0.68,1072300000,1076400000,https://www.sec.gov/Archives/edgar/data/59478/000005947814000129/0000059478-14-000129-index.htm,https://www.sec.gov/Archives/edgar/data/59478/000005947814000129/lly-6302014x10q.htm
2014-03-31,LLY,2014-04-28,2014-04-28 14:28:31,Q1,4683100000,1222700000,3460400000,0.7389122589737567,1109300000,1484900000,1484000000,-56000000,2594200000,3816900000,37800000,348800000,1239600000,0.264696461745,890800000,0.190215882642,56000000,890800000,0.190215882642,162900000,727900000,0.155431231449,0.68,0.68,1072700000,1075800000,https://www.sec.gov/Archives/edgar/data/59478/000005947814000102/0000059478-14-000102-index.htm,https://www.sec.gov/Archives/edgar/data/59478/000005947814000102/lly-3312014x10q.htm
2013-12-31,LLY,2014-02-19,2014-02-19 13:34:18,FY,5808800000,1386500000,4422300000,0.7613104255612174,1475400000,1953600000,1953000000,-9000000.0,3429000000,4815500000,39700000,351200000,56600000,0.00974383693706,910000000,0.15665346875537958,9100000.0,909900000,0.156641647156,182400000,727500000,0.125241013634,0.68,0.68,1080874000,1084766000,https://www.sec.gov/Archives/edgar/data/59478/000005947814000078/0000059478-14-000078-index.htm,https://www.sec.gov/Archives/edgar/data/59478/000005947814000078/lly-20131231x10k.htm
2013-09-30,LLY,2013-10-30,2013-10-30 11:21:23,Q3,5772600000,1198100000,4574500000,0.7924505422166788,1377400000,1652400000,1653000000,32000000,3029800000,4227900000,39800000,349000000,1862400000,0.32262758549,1513400000,0.262169559644,32000000,1513400000,0.262169559644,310300000,1203100000,0.208415618612,1.11,1.11,1084251968,1084251968,https://www.sec.gov/Archives/edgar/data/59478/000005947813000057/0000059478-13-000057-index.htm,https://www.sec.gov/Archives/edgar/data/59478/000005947813000057/lly-9302013x10q.htm
2013-06-30,LLY,2013-07-26,2013-07-26 11:57:41,Q2,5929700000,1165200000,4764500000,0.8034976474357893,1330400000,1867600000,1867000000,-12000000,3198000000,4363200000,40300000,363900000,1878800000,0.316845708889,1514900000,0.255476668297,11900000,1514900000,0.255476668297,308700000,1206200000,0.20341669899,1.12,1.11,1090140845,1090140845,https://www.sec.gov/Archives/edgar/data/59478/000005947813000043/0000059478-13-000043-index.htm,https://www.sec.gov/Archives/edgar/data/59478/000005947813000043/lly-6302013x10q.htm
2013-03-31,LLY,2013-04-26,2013-04-26 11:42:11,Q1,5602000000,1158300000,4443700000,0.7932345590860407,1348100000,1652000000,1652000000,-529000000,3000100000,4158400000,40300000,381500000,2332600000,0.416387004641,1951100000,0.348286326312,529200000,1951100000,0.348286326312,403100000,1548000000,0.276329882185,1.42,1.42,0.0,0.0,https://www.sec.gov/Archives/edgar/data/59478/000005947813000019/0000059478-13-000019-index.htm,https://www.sec.gov/Archives/edgar/data/59478/000005947813000019/lly-3312013x10q.htm
2012-12-31,LLY,2013-02-21,2013-02-21 10:28:17,FY,5957400000,1248300000,4709100000,0.7904622822036459,1463100000,1977500000,0.0,3488000000,3440600000,4688900000,42500000,344600000,1357100000,0.227800718434,1012500000,0.169956692517,52000000,1012500000,0.169956692517,185200000,827300000,0.138869305402,0.75,0.74,1113178000,1113178000,https://www.sec.gov/Archives/edgar/data/59478/000005947813000007/0000059478-13-000007-index.htm,https://www.sec.gov/Archives/edgar/data/59478/000005947813000007/lly-20121231x10k.htm
2012-09-30,LLY,2012-10-26,2012-10-26 15:24:11,Q3,5443300000,1203600000,4239700000,0.7788841327870961,1342800000,1757400000,1758000000,-788000000,3100200000,4303800000,47000000,369700000,2244400000,0.412323406757,1874700000,0.344405048408,788500000,1874700000,0.344405048408,548100000,1326600000,0.243712453842,1.19,1.19,1117919075,1117919075,https://www.sec.gov/Archives/edgar/data/59478/000005947812000021/0000059478-12-000021-index.htm,https://www.sec.gov/Archives/edgar/data/59478/000005947812000021/lly-9302012x10q.htm
2012-06-30,LLY,2012-07-27,2012-07-27 13:05:14,Q2,5600700000,1146700000,4454000000,0.7952577356401879,1320700000,1931100000,1931000000,16000000,3251800000,4398500000,43000000,362000000,1547700000,0.276340457443,1185700000,0.211705679647,-16500000,1185700000,0.211705679647,262100000,923600000,0.164907957934,0.82,0.82,1110989010,1110989010,https://www.sec.gov/Archives/edgar/data/59478/000005947812000006/0000059478-12-000006-index.htm,https://www.sec.gov/Archives/edgar/data/59478/000005947812000006/lly-6302012x10q.htm
2012-03-31,LLY,2012-04-30,2012-04-30 15:25:52,Q1,5602000000,1197900000,4404100000,0.7861656551231703,1151500000,1847500000,1847000000,46000000,2999000000,4196900000,45300000,385900000,1721200000,0.307247411639,1335300000,0.238361299536,-46000000,1335300000,0.238361299536,324200000,1011100000,0.180489111032,0.91,0.91,0.0,0.0,https://www.sec.gov/Archives/edgar/data/59478/000119312512195656/0001193125-12-195656-index.htm,https://www.sec.gov/Archives/edgar/data/59478/000119312512195656/d340670d10q.htm
2011-12-31,LLY,2012-02-24,2012-02-24 17:07:08,FY,6046600000,1321700000,4724900000,0.7814143485595211,1355300000,2133400000,0.0,3488000000,3488700000,4810400000,50100000,318900000,1360700000,0.225035557173,1041800000,0.172295174147,39000000,1041800000,0.172295174147,183600000,858200000,0.141931002547,0.77,0.77,1113923000,1113967000,https://www.sec.gov/Archives/edgar/data/59478/000119312512078393/0001193125-12-078393-index.htm,https://www.sec.gov/Archives/edgar/data/59478/000119312512078393/d266023d10k.htm
2011-09-30,LLY,2011-10-28,2011-10-28 15:35:38,Q3,6147900000,1338100000,4809800000,0.782348444184193,1280900000,1917800000,1918000000,84000000,3198700000,4536800000,45000000,358200000,1860700000,0.302656191545,1502500000,0.244392394151,84000000,1502500000,0.244392394151,266200000,1236300000,0.201093056166,1.11,1.11,1115346534,1115346534,https://www.sec.gov/Archives/edgar/data/59478/000119312511286084/0001193125-11-286084-index.htm,https://www.sec.gov/Archives/edgar/data/59478/000119312511286084/d247538d10q.htm
2011-06-30,LLY,2011-07-29,2011-07-29 15:48:00,Q2,6252800000,1228000000,5024800000,0.8036079836233367,1260600000,2043000000,2043000000,57000000,3303600000,4531600000,45100000,355600000,1886900000,0.301768807574,1531300000,0.244898285568,57000000,1531300000,0.244898285568,334000000,1197300000,0.191482215967,1.07,1.07,1110526315,1110526315,https://www.sec.gov/Archives/edgar/data/59478/000119312511202740/0001193125-11-202740-index.htm,https://www.sec.gov/Archives/edgar/data/59478/000119312511202740/d10q.htm
2011-03-31,LLY,2011-04-29,2011-04-29 12:57:48,Q1,5839200000,1180100000,4659100000,0.7979003973147006,1124000000,1785700000,1785000000,11000000,2909700000,4089800000,45800000,340900000,1614800000,0.276544732155,1273900000,0.218163447048,11000000,1273900000,0.218163447048,218000000,1055900000,0.180829565694,0.95,0.95,0.0,0.0,https://www.sec.gov/Archives/edgar/data/59478/000119312511117877/0001193125-11-117877-index.htm,https://www.sec.gov/Archives/edgar/data/59478/000119312511117877/d10q.htm
2010-12-31,LLY,2011-02-22,2011-02-22 10:46:00,FY,6187000000,1232200000,4954800000,0.8008404719573299,1438100000,1988700000,0.0,3336000000,3426800000,4659000000,-327800000,338500000,1748100000,0.282544043963,1409600000,0.227832552125,39000000,1409600000,0.227832552125,240000000,1169600000,0.18904153871,4.58,4.58,1105788000,1105813000,https://www.sec.gov/Archives/edgar/data/59478/000119312511041620/0001193125-11-041620-index.htm,https://www.sec.gov/Archives/edgar/data/59478/000119312511041620/d10k.htm
2010-09-30,LLY,2010-10-29,2010-10-29 09:15:32,Q3,16889000000,3134000000,13755000000,0.8144354313458464,3446100000,5064700000,1695000000,22000000,8510800000,11644800000,142300000,989700000,6105300000,0.361495648055,5115600000,0.302895375688,34400000,5115600000,0.302895375688,1215700000,3899900000,0.23091361241,0.0,0.0,1105106382,1105106382,https://www.sec.gov/Archives/edgar/data/59478/000095012310097867/0000950123-10-097867-index.htm,https://www.sec.gov/Archives/edgar/data/59478/000095012310097867/c60891e10vq.htm
2010-06-30,LLY,2010-07-30,2010-07-30 08:23:22,Q1,5749000000,1024000000,4725000000,0.8218820664463385,1187000000,0.0,1755000000,18000000,2942000000,3966000000,0.0,346000000,2083000000,0.36232388241433294,1737000000,0.30213950252217775,18000000,1737000000,0.30213950252217775,0.0,1349000000,0.23464950426161071,0.0,0.0,0.0,0.0,https://www.sec.gov/Archives/edgar/data/59478/000095012310070183/0000950123-10-070183-index.htm,https://www.sec.gov/Archives/edgar/data/59478/000095012310070183/c59350e10vq.htm
2010-03-31,LLY,2010-04-30,2010-04-30 10:09:16,Q1,5485500000,1122500000,4363000000,0.7953696107920882,1039100000,1614400000,1614000000,-74000000,2653500000,3776000000,0.0,299000000,1707800000,0.311329869656,1707800000,0.311329869656,-74000000,1707800000,0.311329869656,459700000,1248100000,0.227527116945,0.0,0.0,0.0,0.0,https://www.sec.gov/Archives/edgar/data/59478/000095012310041274/0000950123-10-041274-index.htm,https://www.sec.gov/Archives/edgar/data/59478/000095012310041274/c57771e10vq.htm
2009-12-31,LLY,2010-02-22,2010-02-22 12:45:27,FY,5934000000,2340000000,3594000000,0.6056622851365016,90000000,0.0,0.0,3080000000,3170000000,5510000000,0.0,375000000,1512000000,0.25480283114256824,1137000000,0.1916076845298281,81000000,1137000000,0.1916076845298281,0.0,915000000,0.15419615773508594,0.83,0.83,1102409638,1102409638,https://www.sec.gov/Archives/edgar/data/59478/000095012310014958/0000950123-10-014958-index.htm,https://www.sec.gov/Archives/edgar/data/59478/000095012310014958/c55339ke10vk.htm
2009-09-30,LLY,2009-10-30,2009-10-30 13:15:47,Q3,5562000000,1052000000,4510000000,0.8108594030924128,1122000000,0.0,1702000000,67000000,2824000000,3876000000,0.0,310000000,1379000000,0.24793239841783532,1069000000,0.1921970514203524,67000000,1069000000,0.1921970514203524,0.0,942000000,0.16936353829557713,3.11,3.11,1097427652,1097427652,https://www.sec.gov/Archives/edgar/data/59478/000095012309055409/0000950123-09-055409-index.htm,https://www.sec.gov/Archives/edgar/data/59478/000095012309055409/c54269e10vq.htm
2009-06-30,LLY,2009-07-31,2009-07-31 10:22:37,Q2,5292000000,947000000,4345000000,0.8210506424792139,1040000000,0.0,1708000000,24000000,2748000000,3695000000,0.0,306000000,1774000000,0.3352229780801209,1468000000,0.2773998488284203,24000000,1468000000,0.2773998488284203,0.0,1158000000,0.21882086167800455,2.25,2.25,1098222222,1098222222,https://www.sec.gov/Archives/edgar/data/59478/000095012309028099/0000950123-09-028099-index.htm,https://www.sec.gov/Archives/edgar/data/59478/000095012309028099/c52635e10vq.htm
2009-03-31,LLY,2009-05-01,2009-05-01 14:33:26,Q1,5047000000,816000000,4231000000,0.8383197939369923,947000000,0.0,1529000000,70000000,2476000000,3292000000,0.0,306000000,1989000000,0.3940955022785813,1683000000,0.33346542500495346,70000000,1683000000,0.33346542500495346,0.0,1313000000,0.2601545472557955,1.2,1.2,1094166666,1094166666,https://www.sec.gov/Archives/edgar/data/59478/000095013709003504/0000950137-09-003504-index.htm,https://www.sec.gov/Archives/edgar/data/59478/000095013709003504/c50875e10vq.htm
2008-12-31,LLY,2009-02-27,2009-02-27 11:19:34,FY,5211000000,915000000,4296000000,0.8244099021301093,1059000000,0.0,1727000000,26000000,2786000000,3701000000,0.0,280000000,-3056000000,-0.5864517367108041,-3336000000,-0.6401842256764536,81000000,-3336000000,-0.6401842256764536,0.0,-3628000000,-0.6962195355977739,-1.89,-1.89,1095767195,1095767195,https://www.sec.gov/Archives/edgar/data/59478/000095015209001897/0000950152-09-001897-index.htm,https://www.sec.gov/Archives/edgar/data/59478/000095015209001897/c49534e10vk.htm
2008-09-30,LLY,2008-11-03,2008-11-03 17:24:48,Q3,5209000000,1155000000,4054000000,0.7782683816471492,953000000,0.0,1649000000,0.0,2602000000,3757000000,0.0,283000000,50000000,0.00959877135726627,-233000000,-0.044730274524860815,-3000000.0,-233000000,-0.044730274524860815,0.0,-466000000,-0.08946054904972163,1.42,1.42,1096478873,1096478873,https://www.sec.gov/Archives/edgar/data/59478/000095013708013382/0000950137-08-013382-index.htm,https://www.sec.gov/Archives/edgar/data/59478/000095013708013382/c47344e10vq.htm
2008-06-30,LLY,2008-08-06,2008-08-06 15:53:56,Q2,5151000000,1201000000,3950000000,0.7668413900213551,951000000,0.0,1700000000,0.0,2651000000,3852000000,0.0,282000000,1488000000,0.2888759464181712,1206000000,0.23412929528246942,-32000000,1206000000,0.23412929528246942,0.0,959000000,0.1861774412735391,1.85,1.85,1093513513,1093513513,https://www.sec.gov/Archives/edgar/data/59478/000095013708010281/0000950137-08-010281-index.htm,https://www.sec.gov/Archives/edgar/data/59478/000095013708010281/c33792e10vq.htm
2008-03-31,LLY,2008-05-06,2008-05-06 13:01:00,Q1,4807000000,1111000000,3696000000,0.7688787185354691,877000000,0.0,1550000000,0.0,2427000000,3538000000,0.0,277000000,1333000000,0.27730393176617435,1056000000,0.21967963386727687,-20000000,1056000000,0.21967963386727687,0.0,1064000000,0.22134387351778656,0.97,0.97,1096907216,1096907216,https://www.sec.gov/Archives/edgar/data/59478/000095013708006801/0000950137-08-006801-index.htm,https://www.sec.gov/Archives/edgar/data/59478/000095013708006801/c26296e10vq.htm
2007-12-31,LLY,2008-02-29,2008-02-29 09:54:07,FY,5190000000,1272000000,3918000000,0.7549132947976879,953000000,0.0,1756000000,0.0,2709000000,3981000000,0.0,274000000,1326000000,0.25549132947976877,1052000000,0.2026974951830443,-33000000,1052000000,0.2026974951830443,0.0,855000000,0.16473988439306358,0.0,0.0,1087046632,1087046632,https://www.sec.gov/Archives/edgar/data/59478/000095013708003028/0000950137-08-003028-index.htm,https://www.sec.gov/Archives/edgar/data/59478/000095013708003028/c24001e10vk.htm
2007-09-30,LLY,2007-11-05,2007-11-05 10:19:39,Q3,4586000000,1055000000,3531000000,0.7699520279110336,845000000,0.0,1478000000,0.0,2323000000,3378000000,0.0,266000000,1444000000,0.31487134757959007,1178000000,0.2568687309201919,-49000000,1178000000,0.2568687309201919,0.0,926000000,0.20191888355865678,1.93,1.93,1087046632,1087046632,https://www.sec.gov/Archives/edgar/data/59478/000095013707016548/0000950137-07-016548-index.htm,https://www.sec.gov/Archives/edgar/data/59478/000095013707016548/c21135e10vq.htm
2007-06-30,LLY,2007-08-06,2007-08-06 17:26:56,Q2,4631000000,999000000,3632000000,0.7842798531634636,854000000,0.0,1525000000,0.0,2379000000,3378000000,0.0,262000000,1189000000,0.256748002591233,927000000,0.20017274886633557,-2000000.0,927000000,0.20017274886633557,0.0,664000000,0.14338155905851868,1.08,1.08,1085185185,1085185185,https://www.sec.gov/Archives/edgar/data/59478/000095013707011405/0000950137-07-011405-index.htm,https://www.sec.gov/Archives/edgar/data/59478/000095013707011405/c17272e10vq.htm
2007-03-31,LLY,2007-05-03,2007-05-03 16:33:23,Q1,4226000000,922000000,3304000000,0.7818267865593942,834000000,0.0,1336000000,0.0,2170000000,3092000000,0.0,245000000,964000000,0.22811168954093705,719000000,0.1701372456223379,-38000000,719000000,0.1701372456223379,0.0,508000000,0.12020823473734027,0.47,0.47,1080851063,1080851063,https://www.sec.gov/Archives/edgar/data/59478/000095013707006697/0000950137-07-006697-index.htm,https://www.sec.gov/Archives/edgar/data/59478/000095013707006697/c14755e10vq.htm
2006-12-31,LLY,2007-02-28,2007-02-28 17:18:31,FY,4246000000,1019000000,3227000000,0.7600094206311823,858000000,0.0,1310000000,0.0,2168000000,3187000000,0.0,173000000,388000000,0.09138012246820537,215000000,0.05063589260480452,-102000000,215000000,0.05063589260480452,0.0,132000000,0.031088082901554404,2.45,2.45,1086530612,1086530612,https://www.sec.gov/Archives/edgar/data/59478/000095013707003013/0000950137-07-003013-index.htm,https://www.sec.gov/Archives/edgar/data/59478/000095013707003013/c12621e10vk.htm
2006-09-30,LLY,2006-11-03,2006-11-03 08:00:47,Q3,3864000000,860000000,3004000000,0.777432712215321,756000000,0.0,1199000000,0.0,1955000000,2815000000,0.0,214000000,1320000000,0.3416149068322981,1106000000,0.286231884057971,-56000000,1106000000,0.286231884057971,0.0,874000000,0.2261904761904762,2.33,2.33,1085836909,1085836909,https://www.sec.gov/Archives/edgar/data/59478/000095013706011789/0000950137-06-011789-index.htm,https://www.sec.gov/Archives/edgar/data/59478/000095013706011789/c09620e10vq.htm
2006-06-30,LLY,2006-08-04,2006-08-04 11:04:40,Q2,3867000000,861000000,3006000000,0.7773467804499612,775000000,0.0,1238000000,0.0,2013000000,2874000000,0.0,210000000,1251000000,0.3235065942591156,1041000000,0.2692009309542281,-47000000,1041000000,0.2692009309542281,0.0,822000000,0.2125678820791311,1.53,1.53,1082352941,1082352941,https://www.sec.gov/Archives/edgar/data/59478/000095013706008651/0000950137-06-008651-index.htm,https://www.sec.gov/Archives/edgar/data/59478/000095013706008651/c07379e10vq.htm
2006-03-31,LLY,2006-05-02,2006-05-02 13:02:30,Q1,3714000000,806000000,2908000000,0.7829833064081853,740000000,0.0,1142000000,0.0,1882000000,2688000000,0.0,204000000,1260000000,0.3392568659127625,1056000000,0.284329563812601,-32000000,1056000000,0.284329563812601,0.0,834000000,0.2245557350565428,0.77,0.77,1083116883,1083116883,https://www.sec.gov/Archives/edgar/data/59478/000095013706005239/0000950137-06-005239-index.htm,https://www.sec.gov/Archives/edgar/data/59478/000095013706005239/c04851e10vq.htm
2005-12-31,LLY,2006-03-01,2006-03-01 09:01:56,FY,3879000000,898000000,2981000000,0.768497035318381,810000000,0.0,1190000000,0.0,2000000000,2898000000,-45000000,225000000,1120000000,0.28873420984789894,895000000,0.23072956947666926,-130000000,895000000,0.23072956947666926,0.0,700000000,0.18045888115493683,1.84,1.84,1075543478,1075543478,https://www.sec.gov/Archives/edgar/data/59478/000095013706002395/0000950137-06-002395-index.htm,https://www.sec.gov/Archives/edgar/data/59478/000095013706002395/c02657e10vk.htm
2005-09-30,LLY,2005-11-03,2005-11-03 09:08:38,Q3,3601000000,846000000,2755000000,0.7650652596500972,751000000,0.0,1071000000,0.0,1822000000,2668000000,-24000000,184000000,1202000000,0.33379616773118576,1018000000,0.28269925020827547,-109000000,1018000000,0.28269925020827547,0.0,795000000,0.2207720077756179,1.18,1.18,1083898305,1083898305,https://www.sec.gov/Archives/edgar/data/59478/000095013705013258/0000950137-05-013258-index.htm,https://www.sec.gov/Archives/edgar/data/59478/000095013705013258/c99529e10vq.htm
2005-06-30,LLY,2005-08-03,2005-08-03 09:19:56,Q2,3668000000,871000000,2797000000,0.7625408942202835,762000000,0.0,1146000000,0.0,1908000000,2779000000,-12000000,159000000,19000000,0.005179934569247546,-140000000,-0.03816793893129771,-57000000,-140000000,-0.03816793893129771,0.0,-252000000,-0.06870229007633588,0.45,0.45,1075555555,1075555555,https://www.sec.gov/Archives/edgar/data/59478/000095013705009478/0000950137-05-009478-index.htm,https://www.sec.gov/Archives/edgar/data/59478/000095013705009478/c97160e10vq.htm
2005-03-31,LLY,2005-05-05,2005-05-05 10:30:19,Q1,3497000000,859000000,2638000000,0.7543608807549328,702000000,0.0,1090000000,0.0,1792000000,2651000000,-24000000,158000000,1102000000,0.3151272519302259,944000000,0.26994566771518447,-123000000,944000000,0.26994566771518447,0.0,736000000,0.21046611381183872,0.68,0.68,1082352941,1082352941,https://www.sec.gov/Archives/edgar/data/59478/000095013705005410/0000950137-05-005410-index.htm,https://www.sec.gov/Archives/edgar/data/59478/000095013705005410/c94763e10vq.htm
2004-12-31,LLY,2005-03-08,2005-03-08 08:01:18,FY,3644000000,865000000,2779000000,0.7626234906695939,706000000,0.0,1098000000,0.0,1804000000,2669000000,-16000000,137000000,657000000,0.18029637760702524,520000000,0.14270032930845225,-86000000,520000000,0.14270032930845225,0.0,-2000000.0,-0.0005488474204171241,1.67,1.67,1083832335,1083832335,https://www.sec.gov/Archives/edgar/data/59478/000095013405004385/0000950134-05-004385-index.htm,https://www.sec.gov/Archives/edgar/data/59478/000095013405004385/c92539e10vk.htm
2004-09-30,LLY,2004-11-05,2004-11-05 07:01:22,Q3,3280000000,810000000,2470000000,0.7530487804878049,655000000,0.0,952000000,0.0,1607000000,2417000000,-19000000,163000000,1131000000,0.3448170731707317,968000000,0.2951219512195122,-123000000,968000000,0.2951219512195122,0.0,755000000,0.2301829268292683,1.67,1.67,1085029940,1085029940,https://www.sec.gov/Archives/edgar/data/59478/000095013404016493/0000950134-04-016493-index.htm,https://www.sec.gov/Archives/edgar/data/59478/000095013404016493/c89319e10vq.htm
2004-06-30,LLY,2004-08-05,2004-08-05 17:16:15,Q2,3557000000,797000000,2760000000,0.7759347764970481,684000000,0.0,1171000000,0.0,1855000000,2652000000,-7000000.0,150000000,988000000,0.27776215912285634,838000000,0.23559179083497328,-49000000,838000000,0.23559179083497328,0.0,657000000,0.18470621310092775,0.98,0.98,1078571428,1078571428,https://www.sec.gov/Archives/edgar/data/59478/000095013704006279/0000950137-04-006279-index.htm,https://www.sec.gov/Archives/edgar/data/59478/000095013704006279/c87101e10vq.htm
2004-03-31,LLY,2004-05-07,2004-05-07 17:04:28,Q1,3376000000,751000000,2625000000,0.777547393364929,646000000,0.0,1063000000,0.0,1709000000,2460000000,-9000000.0,147000000,762000000,0.22571090047393366,615000000,0.18216824644549762,-72000000,615000000,0.18216824644549762,0.0,400000000,0.11848341232227488,0.37,0.37,1081081081,1081081081,https://www.sec.gov/Archives/edgar/data/59478/000095013704003746/0000950137-04-003746-index.htm,https://www.sec.gov/Archives/edgar/data/59478/000095013704003746/c85216e10vq.htm
2003-12-31,LLY,2004-03-15,2004-03-15 13:43:57,FY,3465000000,732000000,2733000000,0.7887445887445887,710000000,0.0,1134000000,0.0,1844000000,2576000000,-10000000,107000000,1071000000,0.3090909090909091,964000000,0.2782106782106782,-113000000,964000000,0.2782106782106782,0.0,747000000,0.21558441558441557,2.38,2.38,1075630252,1075630252,https://www.sec.gov/Archives/edgar/data/59478/000095013704001857/0000950137-04-001857-index.htm,https://www.sec.gov/Archives/edgar/data/59478/000095013704001857/c83409e10vk.htm
2003-09-30,LLY,2003-11-12,2003-11-12 09:21:59,Q3,3140000000,679000000,2461000000,0.7837579617834395,568000000,0.0,964000000,0.0,1532000000,2211000000,-16000000,153000000,1069000000,0.34044585987261144,916000000,0.2917197452229299,-3000000.0,916000000,0.2917197452229299,0.0,714000000,0.22738853503184714,1.68,1.68,1079166666,1079166666,https://www.sec.gov/Archives/edgar/data/59478/000095013703005842/0000950137-03-005842-index.htm,https://www.sec.gov/Archives/edgar/data/59478/000095013703005842/c80743e10vq.htm
2003-06-30,LLY,2003-08-06,2003-08-06 10:11:40,Q2,3088000000,643000000,2445000000,0.7917746113989638,543000000,0.0,1043000000,0.0,1586000000,2229000000,-20000000,144000000,1032000000,0.33419689119170987,888000000,0.28756476683937826,-48000000,888000000,0.28756476683937826,0.0,692000000,0.22409326424870465,1.02,1.02,1077450980,1077450980,https://www.sec.gov/Archives/edgar/data/59478/000095013703004099/0000950137-03-004099-index.htm,https://www.sec.gov/Archives/edgar/data/59478/000095013703004099/c78678e10vq.htm
2003-03-31,LLY,2003-05-08,2003-05-08 10:34:36,Q1,2889000000,621000000,2268000000,0.7850467289719626,529000000,0.0,914000000,0.0,1443000000,2064000000,-15000000,144000000,637000000,0.22049151955694013,493000000,0.1706472827968155,-39000000,493000000,0.1706472827968155,0.0,407000000,0.1408791969539633,0.38,0.38,1071052631,1071052631,https://www.sec.gov/Archives/edgar/data/59478/000095013703002717/0000950137-03-002717-index.htm,https://www.sec.gov/Archives/edgar/data/59478/000095013703002717/c76879e10vq.htm
2002-12-31,LLY,2003-03-20,2003-03-20 17:07:06,FY,2956000000,568000000,2388000000,0.8078484438430311,574000000,0.0,921000000,0.0,1495000000,2063000000,-24000000,100000000,1044000000,0.3531799729364005,944000000,0.3193504736129905,-75000000,944000000,0.3193504736129905,0.0,736000000,0.2489851150202977,2.51,2.51,1078486055,1078486055,https://www.sec.gov/Archives/edgar/data/59478/000095013703001575/0000950137-03-001575-index.htm,https://www.sec.gov/Archives/edgar/data/59478/000095013703001575/c75275e10vk.htm
2002-09-30,LLY,2002-11-12,2002-11-12 13:34:31,Q3,2785000000,553000000,2232000000,0.8014362657091562,527000000,0.0,811000000,0.0,1338000000,1891000000,-22000000,131000000,994000000,0.3569120287253142,863000000,0.30987432675044885,-75000000,863000000,0.30987432675044885,0.0,684000000,0.24560143626570916,1.83,1.83,1077049180,1077049180,https://www.sec.gov/Archives/edgar/data/59478/000095013702006126/0000950137-02-006126-index.htm,https://www.sec.gov/Archives/edgar/data/59478/000095013702006126/c72904e10vq.htm
2002-06-30,LLY,2002-08-14,2002-08-14 13:31:09,Q2,5336000000,1055000000,4281000000,0.8022863568215892,1048000000,0.0,1692000000,0.0,2740000000,3795000000,-33000000,-115000000,1535000000,0.2876686656671664,1650000000,0.3092203898050975,-143000000,1650000000,0.3092203898050975,0.0,1287000000,0.24119190404797602,1.2,1.2,1072500000,1072500000,https://www.sec.gov/Archives/edgar/data/59478/000095013702004465/0000950137-02-004465-index.htm,https://www.sec.gov/Archives/edgar/data/59478/000095013702004465/c71091e10vq.htm
2001-09-30,LLY,2001-11-13,2001-11-13 00:00:00,Q3,2874000000,549000000,2325000000,0.8089770354906054,566000000,0.0,866000000,130000000,1432000000,1981000000,-42000000,130000000,845000000,0.2940153096729297,715000000,0.2487821851078636,-76000000,715000000,0.2487821851078636,0.0,570000000,0.19832985386221294,0.84,0.84,2623809523,2623809523,https://www.sec.gov/Archives/edgar/data/59478/000095013001505267/0000950130-01-505267-index.htm,https://www.sec.gov/Archives/edgar/data/59478/000095013001505267/d10q.htm
