date,symbol,fillingDate,acceptedDate,period,revenue,costOfRevenue,grossProfit,grossProfitRatio,researchAndDevelopmentExpenses,generalAndAdministrativeExpenses,sellingAndMarketingExpenses,otherExpenses,operatingExpenses,costAndExpenses,interestExpense,depreciationAndAmortization,ebitda,ebitdaratio,operatingIncome,operatingIncomeRatio,totalOtherIncomeExpensesNet,incomeBeforeTax,incomeBeforeTaxRatio,incomeTaxExpense,netIncome,netIncomeRatio,eps,epsdiluted,weightedAverageShsOut,weightedAverageShsOutDil,link,finalLink
2020-03-29,LMT,2020-04-22,2020-04-22 16:09:41,Q1,15651000000,13560000000,2091000000,0.13360168679317616,0.0,0.0,0.0,56000000,56000000,13560000000,148000000,301000000,2423000000,0.154814388857,2122000000,0.135582390902,31000000,2030000000,0.129704172257,313000000,1717000000,0.109705450131,6.1,6.08,281300000,282600000,https://www.sec.gov/Archives/edgar/data/936468/000093646820000056/0000936468-20-000056-index.htm,https://www.sec.gov/Archives/edgar/data/936468/000093646820000056/lmtq1202010q.htm
2019-12-31,LMT,2020-02-07,2020-02-07 11:44:16,FY,15878000000,13755000000,2123000000,0.13370701599697696,1300000000,0.0,0.0,-160000000,1300000000,15055000000,157000000,322000000,2471000000,0.155624134022,2149000000,0.135344501826,26000000,1832000000,0.115379770752,334000000,1498000000,0.094344375866,5.32,5.29,282000000,283800000,https://www.sec.gov/Archives/edgar/data/936468/000093646820000016/0000936468-20-000016-index.htm,https://www.sec.gov/Archives/edgar/data/936468/000093646820000016/lmtq4201910k.htm
2019-09-29,LMT,2019-10-24,2019-10-24 18:46:44,Q3,15171000000,13108000000,2063000000,0.13598312570034934,0.0,0.0,0.0,-162000000,-162000000,13108000000,162000000,302000000,2407000000,0.158657965856,2105000000,0.138751565487,42000000,1781000000,0.117395029991,173000000,1608000000,0.105991694681,5.7,5.66,282200000,284000000,https://www.sec.gov/Archives/edgar/data/936468/000093646819000069/0000936468-19-000069-index.htm,https://www.sec.gov/Archives/edgar/data/936468/000093646819000069/lmtq3201910q.htm
2019-06-30,LMT,2019-07-23,2019-07-23 16:07:43,Q2,14427000000,12434000000,1993000000,0.13814375823109448,0.0,0.0,0.0,-162000000,-162000000,12434000000,163000000,288000000,2296000000,0.159146045609,2008000000,0.139183475428,15000000,1683000000,0.116656269495,263000000,1420000000,0.0984265613087,5.04,5.01,282300000,284100000,https://www.sec.gov/Archives/edgar/data/936468/000093646819000058/0000936468-19-000058-index.htm,https://www.sec.gov/Archives/edgar/data/936468/000093646819000058/lmtq2201910q.htm
2019-03-31,LMT,2019-04-24,2019-04-24 16:05:32,Q1,14336000000,12148000000,2188000000,0.15262276785714285,0.0,0.0,0.0,-167000000,-167000000,12148000000,171000000,277000000,2560000000,0.178571428571,2283000000,0.159249441964,95000000,1945000000,0.135672433036,241000000,1704000000,0.118861607143,6.03,5.99,282500000,284300000,https://www.sec.gov/Archives/edgar/data/936468/000093646819000022/0000936468-19-000022-index.htm,https://www.sec.gov/Archives/edgar/data/936468/000093646819000022/lmtq1201910q.htm
2018-12-31,LMT,2019-02-08,2019-02-08 11:38:57,FY,14411000000,12469000000,1942000000,0.13475817084171812,1300000000,0.0,0.0,-197000000,1300000000,13769000000,171000000,304000000,2155000000,0.149538546943,1851000000,0.128443550066,-91000000,1483000000,0.102907501214,230000000,1253000000,0.0869474706821,4.43,4.38,284500000,286800000,https://www.sec.gov/Archives/edgar/data/936468/000093646819000009/0000936468-19-000009-index.htm,https://www.sec.gov/Archives/edgar/data/936468/000093646819000009/lmtq4201810k.htm
2018-09-30,LMT,2018-10-25,2018-10-25 17:21:51,Q3,14318000000,12397000000,1921000000,0.1341667830702612,0.0,0.0,0.0,-211000000,-211000000,12397000000,177000000,291000000,2254000000,0.15742422126,1963000000,0.137100153653,42000000,1575000000,0.110001396843,102000000,1473000000,0.102877496857,5.18,5.14,284900000,287200000,https://www.sec.gov/Archives/edgar/data/936468/000093646818000067/0000936468-18-000067-index.htm,https://www.sec.gov/Archives/edgar/data/936468/000093646818000067/lmtq3201810q.htm
2018-06-24,LMT,2018-07-24,2018-07-24 16:19:20,Q2,13398000000,11645000000,1753000000,0.1308404239438722,-35000000,0.0,0.0,-487000000,-210000000,11610000000,165000000,287000000,2082000000,0.15539632781,1795000000,0.133975220182,42000000,1420000000,0.105985968055,257000000,1163000000,0.0868040005971,4.08,4.05,285200000,287500000,https://www.sec.gov/Archives/edgar/data/936468/000093646818000053/0000936468-18-000053-index.htm,https://www.sec.gov/Archives/edgar/data/936468/000093646818000053/lmtq2201810q.htm
2018-03-25,LMT,2018-04-25,2018-04-25 15:10:20,Q1,11635000000,9977000000,1658000000,0.14250107434464976,35000000,0.0,0.0,67000000,35000000,10012000000,155000000,279000000,2004000000,0.17223893425,1725000000,0.148259561667,67000000,1360000000,0.116888697894,203000000,1157000000,0.0994413407821,4.05,4.02,285500000,287900000,https://www.sec.gov/Archives/edgar/data/936468/000093646818000023/0000936468-18-000023-index.htm,https://www.sec.gov/Archives/edgar/data/936468/000093646818000023/lmtq1201810q.htm
2017-12-31,LMT,2018-02-06,2018-02-06 16:22:43,FY,15137000000,13518000000,1619000000,0.1069564642927925,1200000000,0.0,0.0,7000000.0,1200000000,14718000000,174000000,315000000,2174000000,0.143621589483,1859000000,0.122811653564,240000000,1692000000,0.111779084363,2407000000,4099000000,0.2707934200964524,-2.2,-2.19,287800000,290600000,https://www.sec.gov/Archives/edgar/data/936468/000093646818000009/0000936468-18-000009-index.htm,https://www.sec.gov/Archives/edgar/data/936468/000093646818000009/lmtq4201710k.htm
2017-09-24,LMT,2017-10-26,2017-10-26 16:21:39,Q3,12169000000,10818000000,1351000000,0.11101980442106993,-90000000,0.0,0.0,-7000000.0,-7000000.0,10728000000,162000000,299000000,1727000000,0.141917988331,1428000000,0.117347358041,77000000,1259000000,0.103459610486,320000000,939000000,0.0771632837538,3.26,3.24,288500000,291300000,https://www.sec.gov/Archives/edgar/data/936468/000093646817000014/0000936468-17-000014-index.htm,https://www.sec.gov/Archives/edgar/data/936468/000093646817000014/lmtq3201710q.htm
2017-06-25,LMT,2017-07-20,2017-07-20 16:33:01,Q2,12685000000,11260000000,1425000000,0.11233740638549468,90000000,0.0,0.0,3000000.0,90000000,11350000000,160000000,296000000,1781000000,0.140402049665,1485000000,0.117067402444,60000000,1323000000,0.104296413086,381000000,942000000,0.0742609381159,3.27,3.23,289200000,292000000,https://www.sec.gov/Archives/edgar/data/936468/000119312517232077/0001193125-17-232077-index.htm,https://www.sec.gov/Archives/edgar/data/936468/000119312517232077/d410439d10q.htm
2017-03-26,LMT,2017-04-26,2017-04-26 15:14:00,Q1,11057000000,9904000000,1153000000,0.10427783304693859,0.0,0.0,0.0,-4000000.0,0.0,9904000000,155000000,285000000,1434000000,0.129691598083,1149000000,0.103916071267,-4000000.0,995000000,0.0899882427422,232000000,763000000,0.0690060595098,2.63,2.61,290000000,292800000,https://www.sec.gov/Archives/edgar/data/936468/000119312517139189/0001193125-17-139189-index.htm,https://www.sec.gov/Archives/edgar/data/936468/000119312517139189/d360426d10q.htm
2016-12-31,LMT,2017-02-09,2017-02-09 16:32:41,FY,13752000000,12399000000,1353000000,0.09838568935427575,988000000,0.0,0.0,0.0,988000000,13387000000,171000000,327000000,1755000000,0.127617801047,1428000000,0.103839441536,75000000,1255000000,0.0912594531704,296000000,988000000,0.0718440954043,3.43,3.39,299300000,303100000,https://www.sec.gov/Archives/edgar/data/936468/000119312517036192/0001193125-17-036192-index.htm,https://www.sec.gov/Archives/edgar/data/936468/000119312517036192/d290249d10k.htm
2016-09-25,LMT,2016-10-27,2016-10-27 16:30:11,Q3,8880000000,7830000000,1050000000,0.11824324324324324,0.0,0.0,0.0,0.0,0.0,7830000000,162000000,295000000,1553000000,0.174887387387,1258000000,0.141666666667,208000000,1097000000,0.123536036036,222000000,2395000000,0.269707207207,7.96,7.87,302000000,305900000,https://www.sec.gov/Archives/edgar/data/936468/000119312516749763/0001193125-16-749763-index.htm,https://www.sec.gov/Archives/edgar/data/936468/000119312516749763/d259549d10q.htm
2016-06-26,LMT,2016-07-20,2016-07-20 17:01:59,Q2,12914000000,11490000000,1424000000,0.1102679262815549,0.0,0.0,0.0,0.0,0.0,11490000000,166000000,297000000,1863000000,0.144262041196,1566000000,0.121263744773,142000000,1400000000,0.108409478086,275000000,1125000000,0.0871147591761,3.71,3.65,303800000,307900000,https://www.sec.gov/Archives/edgar/data/936468/000119312516652394/0001193125-16-652394-index.htm,https://www.sec.gov/Archives/edgar/data/936468/000119312516652394/d189173d10q.htm
2016-03-27,LMT,2016-04-27,2016-04-27 15:24:10,Q1,11702000000,10467000000,1235000000,0.1055375149547086,0.0,0.0,0.0,0.0,0.0,10467000000,164000000,296000000,1593000000,0.13613057597,1297000000,0.110835754572,62000000,1134000000,0.0969065117074,340000000,794000000,0.0678516492907,2.61,2.58,304500000,307800000,https://www.sec.gov/Archives/edgar/data/936468/000119312516559151/0001193125-16-559151-index.htm,https://www.sec.gov/Archives/edgar/data/936468/000119312516559151/d135475d10q.htm
2015-12-31,LMT,2016-02-24,2016-02-24 17:21:12,FY,12917000000,11607000000,1310000000,0.10141673763257722,839000000,0.0,0.0,0.0,839000000,12446000000,142000000,300000000,1581000000,0.122396841372,1281000000,0.0991716342804,-29000000,1163000000,0.0900363861578,230000000,933000000,0.0722303940543,3.05,3.01,310300000,314700000,https://www.sec.gov/Archives/edgar/data/936468/000119312516476010/0001193125-16-476010-index.htm,https://www.sec.gov/Archives/edgar/data/936468/000119312516476010/d62685d10k.htm
2015-09-27,LMT,2015-10-22,2015-10-22 16:12:10,Q3,11461000000,10205000000,1256000000,0.1095890410958904,0.0,0.0,0.0,0.0,0.0,10205000000,104000000,236000000,1590000000,0.138731349795,1354000000,0.118139778379,98000000,1251000000,0.10915277899,386000000,865000000,0.0754733443853,2.81,2.77,311900000,316300000,https://www.sec.gov/Archives/edgar/data/936468/000119312515350723/0001193125-15-350723-index.htm,https://www.sec.gov/Archives/edgar/data/936468/000119312515350723/d84755d10q.htm
2015-06-28,LMT,2015-07-22,2015-07-22 17:04:59,Q2,11643000000,10272000000,1371000000,0.11775315640298892,0.0,0.0,0.0,0.0,0.0,10272000000,104000000,246000000,1691000000,0.145237481749,1445000000,0.124108906639,74000000,1343000000,0.115348277935,414000000,929000000,0.0797904320192,2.98,2.94,313700000,318200000,https://www.sec.gov/Archives/edgar/data/936468/000119312515259947/0001193125-15-259947-index.htm,https://www.sec.gov/Archives/edgar/data/936468/000119312515259947/d915865d10q.htm
2015-03-29,LMT,2015-04-22,2015-04-22 15:25:13,Q1,10111000000,8848000000,1263000000,0.12491346058747899,0.0,0.0,0.0,0.0,0.0,8848000000,93000000,244000000,1600000000,0.158243497181,1356000000,0.134111363861,93000000,1266000000,0.125210167145,388000000,878000000,0.0868361190782,2.78,2.74,315400000,320200000,https://www.sec.gov/Archives/edgar/data/936468/000119312515141818/0001193125-15-141818-index.htm,https://www.sec.gov/Archives/edgar/data/936468/000119312515141818/d887742d10q.htm
2014-12-31,LMT,2015-02-09,2015-02-09 12:39:42,FY,12530000000,11262000000,1268000000,0.10119712689545092,751000000,0.0,0.0,0.0,751000000,12013000000,87000000,268000000,1610000000,0.128491620112,1342000000,0.107102952913,74000000,1258000000,0.100399042298,354000000,904000000,0.0721468475658,2.87,2.82,316800000,322400000,https://www.sec.gov/Archives/edgar/data/936468/000119312515038681/0001193125-15-038681-index.htm,https://www.sec.gov/Archives/edgar/data/936468/000119312515038681/d808572d10k.htm
2014-09-28,LMT,2014-10-24,2014-10-23 17:59:30,Q3,11114000000,9839000000,1275000000,0.11472017275508367,0.0,0.0,0.0,-2000000.0,-2000000.0,9839000000,82000000,247000000,1639000000,0.147471657369,1392000000,0.125247435667,117000000,1311000000,0.117959330574,423000000,888000000,0.0798992262012,2.81,2.76,317400000,323000000,https://www.sec.gov/Archives/edgar/data/936468/000119312514380468/0001193125-14-380468-index.htm,https://www.sec.gov/Archives/edgar/data/936468/000119312514380468/d787909d10q.htm
2014-06-29,LMT,2014-07-23,2014-07-23 12:42:09,Q2,11306000000,9965000000,1341000000,0.11860958782947108,0.0,0.0,0.0,0.0,0.0,9965000000,85000000,242000000,1668000000,0.147532283743,1426000000,0.126127719795,85000000,1341000000,0.118609587829,452000000,889000000,0.0786308154962,2.81,2.76,318000000,323600000,https://www.sec.gov/Archives/edgar/data/936468/000119312514276771/0001193125-14-276771-index.htm,https://www.sec.gov/Archives/edgar/data/936468/000119312514276771/d738513d10q.htm
2014-03-30,LMT,2014-04-24,2014-04-23 19:21:57,Q1,10650000000,9279000000,1371000000,0.12873239436619718,0.0,0.0,0.0,2000000.0,2000000.0,9279000000,86000000,237000000,1669000000,0.156713615023,1432000000,0.134460093897,61000000,1348000000,0.126572769953,415000000,933000000,0.0876056338028,2.92,2.87,319100000,325100000,https://www.sec.gov/Archives/edgar/data/936468/000119312514155226/0001193125-14-155226-index.htm,https://www.sec.gov/Archives/edgar/data/936468/000119312514155226/d685273d10q.htm
2013-12-31,LMT,2014-02-14,2014-02-14 16:51:11,FY,11533000000,10795000000,738000000,0.06399028873666869,697000000,0.0,0.0,8948000000,697000000,11492000000,86000000,286000000,1120000000,0.0971126333131,834000000,0.0723142287349,96000000,746000000,0.0646839504032,258000000,488000000,0.0423133616579,1.53,1.5,320900000,326500000,https://www.sec.gov/Archives/edgar/data/936468/000119312514055034/0001193125-14-055034-index.htm,https://www.sec.gov/Archives/edgar/data/936468/000119312514055034/d621068d10k.htm
2013-09-29,LMT,2013-10-25,2013-10-24 17:48:57,Q3,11347000000,10163000000,1184000000,0.10434476072970829,0.0,0.0,0.0,1000000.0,1000000.0,10163000000,84000000,232000000,1486000000,0.130959725037,1254000000,0.110513792192,70000000,1173000000,0.1033753415,331000000,873000000,0.076936635234,2.72,2.66,321300000,326600000,https://www.sec.gov/Archives/edgar/data/936468/000119312513410108/0001193125-13-410108-index.htm,https://www.sec.gov/Archives/edgar/data/936468/000119312513410108/d590048d10q.htm
2013-06-30,LMT,2013-07-24,2013-07-24 16:57:01,Q2,11408000000,10184000000,1224000000,0.10729312762973352,0.0,0.0,0.0,1000000.0,1000000.0,10184000000,88000000,240000000,1538000000,0.134817671809,1298000000,0.113779803647,74000000,1211000000,0.106153576438,352000000,859000000,0.0752980364656,2.67,2.64,321200000,326100000,https://www.sec.gov/Archives/edgar/data/936468/000119312513300659/0001193125-13-300659-index.htm,https://www.sec.gov/Archives/edgar/data/936468/000119312513300659/d542716d10q.htm
2013-03-31,LMT,2013-04-25,2013-04-24 18:27:54,Q1,11070000000,10029000000,1041000000,0.0940379403794038,0.0,0.0,0.0,-2000000.0,-2000000.0,10029000000,92000000,232000000,1351000000,0.122041553749,1119000000,0.10108401084,78000000,1025000000,0.0925925925926,264000000,761000000,0.0687443541102,2.37,2.33,321700000,326300000,https://www.sec.gov/Archives/edgar/data/936468/000119312513170973/0001193125-13-170973-index.htm,https://www.sec.gov/Archives/edgar/data/936468/000119312513170973/d500011d10q.htm
2012-12-31,LMT,2013-02-28,2013-02-28 11:47:11,FY,12099000000,11041000000,1058000000,0.08744524340854616,616000000,0.0,0.0,-72000000,616000000,11657000000,94000000,277000000,1401000000,0.115794693776,1124000000,0.0929002396892,66000000,958000000,0.0791800975287,389000000,569000000,0.0470286800562,1.76,1.74,323700000,328400000,https://www.sec.gov/Archives/edgar/data/936468/000119312513082873/0001193125-13-082873-index.htm,https://www.sec.gov/Archives/edgar/data/936468/000119312513082873/d428940d10k.htm
2012-09-30,LMT,2012-10-25,2012-10-25 17:02:00,Q3,11869000000,10888000000,981000000,0.08265228747156458,0.0,0.0,0.0,93000000,93000000,10888000000,97000000,247000000,1345000000,0.113320414525,1098000000,0.0925098997388,117000000,1046000000,0.0881287387311,319000000,727000000,0.061252001011,2.25,2.21,324000000,328600000,https://www.sec.gov/Archives/edgar/data/936468/000119312512435648/0001193125-12-435648-index.htm,https://www.sec.gov/Archives/edgar/data/936468/000119312512435648/d399430d10q.htm
2012-06-24,LMT,2012-07-25,2012-07-25 16:50:51,Q2,11921000000,10738000000,1183000000,0.09923664122137404,0.0,0.0,0.0,0.0,0.0,10738000000,96000000,233000000,1436000000,0.120459692979,1203000000,0.100914352823,20000000,1120000000,0.093951849677,336000000,781000000,0.0655146380337,2.41,2.38,324300000,328700000,https://www.sec.gov/Archives/edgar/data/936468/000119312512314590/0001193125-12-314590-index.htm,https://www.sec.gov/Archives/edgar/data/936468/000119312512314590/d348548d10q.htm
2012-03-25,LMT,2012-04-26,2012-04-26 16:44:07,Q1,11293000000,10319000000,974000000,0.08624811830337377,0.0,0.0,0.0,0.0,0.0,10319000000,96000000,231000000,1240000000,0.109802532542,1009000000,0.0893473833348,35000000,948000000,0.0839458071372,283000000,668000000,0.0591516868857,2.06,2.03,324100000,328600000,https://www.sec.gov/Archives/edgar/data/936468/000119312512186246/0001193125-12-186246-index.htm,https://www.sec.gov/Archives/edgar/data/936468/000119312512186246/d310551d10q.htm
2011-12-31,LMT,2012-02-23,2012-02-23 14:21:16,FY,12211000000,11223000000,988000000,0.08091065432806487,585000000,0.0,0.0,-25000000,585000000,11808000000,96000000,424000000,1506000000,0.123331422488,1082000000,0.0886086315617,94000000,966000000,0.0791090000819,268000000,683000000,0.0559331750061,2.11,2.08,335900000,339900000,https://www.sec.gov/Archives/edgar/data/936468/000119312512074929/0001193125-12-074929-index.htm,https://www.sec.gov/Archives/edgar/data/936468/000119312512074929/d221578d10k.htm
2011-09-25,LMT,2011-10-27,2011-10-27 17:29:51,Q3,12104000000,11087000000,1017000000,0.08402181097157964,0.0,-555000000,0.0,-3000000.0,-3000000.0,10532000000,89000000,196000000,1258000000,0.10393258427,1062000000,0.0877395902181,45000000,970000000,0.0801387970919,291000000,700000000,0.0578321216127,2.11,2.09,340400000,344300000,https://www.sec.gov/Archives/edgar/data/936468/000119312511284412/0001193125-11-284412-index.htm,https://www.sec.gov/Archives/edgar/data/936468/000119312511284412/d222330d10q.htm
2011-06-26,LMT,2011-07-27,2011-07-27 16:57:52,Q2,11551000000,10654000000,897000000,0.07765561423253398,0.0,256000000,0.0,28000000,256000000,10910000000,84000000,193000000,1177000000,0.101895939745,984000000,0.0851874296598,87000000,909000000,0.0786944853259,167000000,742000000,0.0642368626093,2.16,2.14,345600000,349600000,https://www.sec.gov/Archives/edgar/data/936468/000119312511199034/0001193125-11-199034-index.htm,https://www.sec.gov/Archives/edgar/data/936468/000119312511199034/d10q.htm
2011-03-27,LMT,2011-04-27,2011-04-27 17:18:56,Q1,10633000000,9831000000,802000000,0.07542556192984107,0.0,299000000,0.0,0.0,299000000,10130000000,85000000,195000000,1047000000,0.0984670365842,852000000,0.080127903696,50000000,786000000,0.0739208125647,238000000,530000000,0.0498448227217,1.52,1.5,348500000,352600000,https://www.sec.gov/Archives/edgar/data/936468/000119312511112298/0001193125-11-112298-index.htm,https://www.sec.gov/Archives/edgar/data/936468/000119312511112298/d10q.htm
2010-12-31,LMT,2011-02-25,2011-02-24 18:26:38,FY,12794000000,11717000000,1077000000,0.08418008441456933,638000000,0.0,0.0,74000000,638000000,12355000000,87000000,228000000,1356000000,0.105987181491,1128000000,0.0881663279662,51000000,1069000000,0.0835547913084,240000000,983000000,0.0768328904174,2.73,2.71,364200000,368300000,https://www.sec.gov/Archives/edgar/data/936468/000119312511045739/0001193125-11-045739-index.htm,https://www.sec.gov/Archives/edgar/data/936468/000119312511045739/d10k.htm
2010-09-26,LMT,2010-10-21,2010-10-21 16:14:46,Q3,11094000000,10323000000,771000000,0.06949702541914549,0.0,0.0,0.0,-9000000.0,-9000000.0,10323000000,85000000,213000000,1075000000,0.0968992248062,862000000,0.0776996574725,91000000,814000000,0.0733729944114,266000000,571000000,0.0514692626645,1.6,1.57,367100000,371100000,https://www.sec.gov/Archives/edgar/data/936468/000119312510233655/0001193125-10-233655-index.htm,https://www.sec.gov/Archives/edgar/data/936468/000119312510233655/d10q.htm
2010-06-27,LMT,2010-07-29,2010-07-29 15:33:06,Q2,11278000000,10226000000,1052000000,0.09327895016846958,0.0,0.0,0.0,-19000000,-19000000,10226000000,85000000,201000000,1326000000,0.11757403795,1125000000,0.09975172903,73000000,1021000000,0.0905302358574,300000000,825000000,0.0731512679553,2.24,2.21,370600000,374700000,https://www.sec.gov/Archives/edgar/data/936468/000119312510170556/0001193125-10-170556-index.htm,https://www.sec.gov/Archives/edgar/data/936468/000119312510170556/d10q.htm
2010-03-28,LMT,2010-04-21,2010-04-21 15:53:43,Q1,10637000000,9701000000,936000000,0.08799473535771364,0.0,0.0,0.0,28000000,28000000,9701000000,88000000,199000000,1181000000,0.111027545361,982000000,0.0923192629501,46000000,922000000,0.0866785747861,375000000,547000000,0.0514242737614,1.46,1.45,0.0,0.0,https://www.sec.gov/Archives/edgar/data/936468/000119312510088874/0001193125-10-088874-index.htm,https://www.sec.gov/Archives/edgar/data/936468/000119312510088874/d10q.htm
2009-12-31,LMT,2010-02-25,2010-02-25 15:13:34,FY,0.0,0.0,0.0,0.0,0.0,0.0,0.0,123000000,123000000,123000000,305000000,206000000,329000000,0.0,123000000,0.0,242000000,4284000000,0.0,-1260000000,5544000000,0.0,7.86,7.78,705343511,712596401,https://www.sec.gov/Archives/edgar/data/936468/000119312510040520/0001193125-10-040520-index.htm,https://www.sec.gov/Archives/edgar/data/936468/000119312510040520/d10k.htm
2009-09-27,LMT,2009-10-23,2009-10-22 17:51:13,Q3,0.0,0.0,0.0,0.0,0.0,0.0,0.0,98000000,98000000,98000000,219000000,188000000,286000000,0.0,98000000,0.0,212000000,3104000000,0.0,-907000000,4011000000,0.0,5.67,5.61,707407407,714973262,https://www.sec.gov/Archives/edgar/data/936468/000119312509212119/0001193125-09-212119-index.htm,https://www.sec.gov/Archives/edgar/data/936468/000119312509212119/d10q.htm
2009-06-28,LMT,2009-07-22,2009-07-22 17:09:08,Q2,0.0,0.0,0.0,0.0,0.0,0.0,0.0,44000000,44000000,44000000,-152000000,181000000,225000000,0.0,44000000,0.0,123000000,2032000000,0.0,632000000,1400000000,0.0,3.59,3.55,389972144,394366197,https://www.sec.gov/Archives/edgar/data/936468/000119312509153203/0001193125-09-153203-index.htm,https://www.sec.gov/Archives/edgar/data/936468/000119312509153203/d10q.htm
2009-03-29,LMT,2009-04-23,2009-04-23 12:02:35,Q1,0.0,0.0,0.0,0.0,0.0,0.0,0.0,52000000,-3000000.0,-3000000.0,-76000000,175000000,172000000,0.0,-3000000.0,0.0,52000000,978000000,0.0,312000000,666000000,0.0,1.69,1.68,394082840,396428571,https://www.sec.gov/Archives/edgar/data/936468/000119312509085439/0001193125-09-085439-index.htm,https://www.sec.gov/Archives/edgar/data/936468/000119312509085439/d10q.htm
2008-12-31,LMT,2009-02-26,2009-02-26 13:09:36,FY,0.0,0.0,0.0,0.0,0.0,0.0,0.0,482000000,-88000000,-88000000,-341000000,205000000,117000000,0.0,-88000000,0.0,482000000,4702000000,0.0,1485000000,3217000000,0.0,8.05,7.86,399627329,409287531,https://www.sec.gov/Archives/edgar/data/936468/000119312509038670/0001193125-09-038670-index.htm,https://www.sec.gov/Archives/edgar/data/936468/000119312509038670/d10k.htm
2008-09-28,LMT,2008-10-24,2008-10-23 18:34:47,Q3,0.0,0.0,0.0,0.0,0.0,0.0,0.0,14000000,14000000,14000000,-264000000,187000000,201000000,0.0,14000000,0.0,401000000,3533000000,0.0,1139000000,2394000000,0.0,5.97,5.82,401005025,411340206,https://www.sec.gov/Archives/edgar/data/936468/000119312508215406/0001193125-08-215406-index.htm,https://www.sec.gov/Archives/edgar/data/936468/000119312508215406/d10q.htm
2008-06-29,LMT,2008-07-23,2008-07-23 17:06:35,Q2,0.0,0.0,0.0,0.0,0.0,0.0,0.0,27000000,27000000,27000000,-179000000,175000000,202000000,0.0,27000000,0.0,281000000,2389000000,0.0,777000000,1612000000,0.0,4.0,3.9,403000000,413333333,https://www.sec.gov/Archives/edgar/data/936468/000119312508156357/0001193125-08-156357-index.htm,https://www.sec.gov/Archives/edgar/data/936468/000119312508156357/d10q.htm
2008-03-30,LMT,2008-04-24,2008-04-24 15:32:00,Q1,0.0,0.0,0.0,0.0,0.0,0.0,0.0,109000000,-7000000.0,-7000000.0,-87000000,160000000,153000000,0.0,-7000000.0,0.0,109000000,1084000000,0.0,354000000,730000000,0.0,1.8,1.75,405555555,417142857,https://www.sec.gov/Archives/edgar/data/936468/000119312508089252/0001193125-08-089252-index.htm,https://www.sec.gov/Archives/edgar/data/936468/000119312508089252/d10q.htm
2007-12-31,LMT,2008-02-28,2008-02-28 16:21:01,FY,0.0,0.0,0.0,0.0,0.0,0.0,0.0,193000000,193000000,193000000,-352000000,212000000,405000000,0.0,193000000,0.0,293000000,4368000000,0.0,1335000000,3033000000,0.0,7.29,7.1,416049382,427183098,https://www.sec.gov/Archives/edgar/data/936468/000119312508041793/0001193125-08-041793-index.htm,https://www.sec.gov/Archives/edgar/data/936468/000119312508041793/d10k.htm
2007-09-30,LMT,2007-10-26,2007-10-25 19:04:19,Q3,0.0,0.0,0.0,0.0,0.0,0.0,0.0,202000000,0.0,0.0,-3451000000,166000000,3478000000,0.0,3312000000,0.0,202000000,3451000000,0.0,952000000,2499000000,0.0,5.35,5.21,467102803,479654510,https://www.sec.gov/Archives/edgar/data/936468/000119312507226047/0001193125-07-226047-index.htm,https://www.sec.gov/Archives/edgar/data/936468/000119312507226047/d10q.htm
2007-06-30,LMT,2007-07-26,2007-07-26 16:46:39,Q2,0.0,0.0,0.0,0.0,0.0,0.0,0.0,289000000,0.0,0.0,-186000000,147000000,2214000000,0.0,2067000000,0.0,289000000,2067000000,0.0,599000000,1468000000,0.0,3.5,3.42,419428571,429239766,https://www.sec.gov/Archives/edgar/data/936468/000119312507163087/0001193125-07-163087-index.htm,https://www.sec.gov/Archives/edgar/data/936468/000119312507163087/d10q.htm
2007-03-31,LMT,2007-04-26,2007-04-26 13:39:12,Q1,0.0,0.0,0.0,0.0,0.0,0.0,0.0,112000000,0.0,0.0,-93000000,141000000,1070000000,0.0,929000000,0.0,112000000,929000000,0.0,239000000,690000000,0.0,1.64,1.6,420731707,431250000,https://www.sec.gov/Archives/edgar/data/936468/000119312507091526/0001193125-07-091526-index.htm,https://www.sec.gov/Archives/edgar/data/936468/000119312507091526/d10q.htm
2006-12-31,LMT,2007-02-26,2007-02-26 17:21:47,FY,0.0,0.0,0.0,0.0,0.0,0.0,0.0,519000000,0.0,0.0,-361000000,171000000,1234000000,0.0,1063000000,0.0,519000000,1063000000,0.0,1063000000,0.0,0.0,5.91,5.8,429594272,436893203,https://www.sec.gov/Archives/edgar/data/936468/000119312507039899/0001193125-07-039899-index.htm,https://www.sec.gov/Archives/edgar/data/936468/000119312507039899/d10k.htm
2006-09-30,LMT,2006-10-27,2006-10-26 18:25:33,Q3,0.0,0.0,0.0,0.0,0.0,0.0,0.0,416000000,0.0,0.0,-276000000,145000000,2688000000,0.0,2543000000,0.0,416000000,2543000000,0.0,743000000,1800000000,0.0,4.19,4.12,429594272,436893203,https://www.sec.gov/Archives/edgar/data/936468/000119312506216092/0001193125-06-216092-index.htm,https://www.sec.gov/Archives/edgar/data/936468/000119312506216092/d10q.htm
2006-06-30,LMT,2006-07-26,2006-07-26 16:57:29,Q2,0.0,0.0,0.0,0.0,0.0,0.0,0.0,314000000,0.0,0.0,-186000000,149000000,1877000000,0.0,1728000000,0.0,314000000,1728000000,0.0,557000000,1171000000,0.0,2.71,2.68,432103321,436940298,https://www.sec.gov/Archives/edgar/data/936468/000119312506153822/0001193125-06-153822-index.htm,https://www.sec.gov/Archives/edgar/data/936468/000119312506153822/d10q.htm
2006-03-31,LMT,2006-04-27,2006-04-27 10:40:06,Q1,0.0,0.0,0.0,0.0,0.0,0.0,0.0,211000000,0.0,0.0,-94000000,135000000,1012000000,0.0,877000000,0.0,211000000,877000000,0.0,286000000,591000000,0.0,1.36,1.34,434558823,441044776,https://www.sec.gov/Archives/edgar/data/936468/000119312506090476/0001193125-06-090476-index.htm,https://www.sec.gov/Archives/edgar/data/936468/000119312506090476/d10q.htm
2005-12-31,LMT,2006-02-28,2006-02-28 13:22:07,FY,0.0,0.0,0.0,0.0,0.0,0.0,0.0,449000000,0.0,0.0,-370000000,159000000,950000000,0.0,791000000,0.0,449000000,791000000,0.0,791000000,0.0,0.0,4.15,4.1,442605633,447330960,https://www.sec.gov/Archives/edgar/data/936468/000119312506040986/0001193125-06-040986-index.htm,https://www.sec.gov/Archives/edgar/data/936468/000119312506040986/d10k.htm
2005-09-30,LMT,2005-10-28,2005-10-27 18:57:06,Q3,9201000000,8585000000,616000000,0.06694924464732094,0.0,0.0,0.0,90000000,0.0,8585000000,-93000000,138000000,751000000,0.0816215628736007,613000000,0.0666231931311814,90000000,613000000,0.0666231931311814,186000000,427000000,0.04640799913052929,2.84,2.81,442605633,447330960,https://www.sec.gov/Archives/edgar/data/936468/000119312505210166/0001193125-05-210166-index.htm,https://www.sec.gov/Archives/edgar/data/936468/000119312505210166/d10q.htm
2005-06-30,LMT,2005-07-28,2005-07-27 18:12:19,Q2,9295000000,8637000000,658000000,0.07079074771382464,0.0,0.0,0.0,106000000,0.0,8637000000,-94000000,132000000,802000000,0.08628294782140936,670000000,0.0720817643894567,106000000,670000000,0.0720817643894567,209000000,461000000,0.04959655728886498,1.87,1.85,443850267,448648648,https://www.sec.gov/Archives/edgar/data/936468/000119312505150203/0001193125-05-150203-index.htm,https://www.sec.gov/Archives/edgar/data/936468/000119312505150203/d10q.htm
2005-03-31,LMT,2005-04-28,2005-04-28 17:27:48,Q1,8488000000,7946000000,542000000,0.06385485391140433,0.0,0.0,0.0,88000000,0.0,7946000000,-90000000,126000000,666000000,0.07846371347785108,540000000,0.06361922714420358,88000000,540000000,0.06361922714420358,171000000,369000000,0.04347313854853911,0.84,0.83,439285714,444578313,https://www.sec.gov/Archives/edgar/data/936468/000119312505088842/0001193125-05-088842-index.htm,https://www.sec.gov/Archives/edgar/data/936468/000119312505088842/d10q.htm
2004-12-31,LMT,2005-02-28,2005-02-28 17:24:00,FY,9965000000,9515000000,450000000,0.04515805318615153,0.0,0.0,0.0,-2000000.0,0.0,9515000000,-102000000,133000000,-119000000,-0.011941796287004515,-252000000,-0.025288509784244857,-2000000.0,-920000000,-0.09232313095835425,-26000000,-894000000,-0.0897139989964877,0.0,0.0,442574257,447000000,https://www.sec.gov/Archives/edgar/data/936468/000119312505038829/0001193125-05-038829-index.htm,https://www.sec.gov/Archives/edgar/data/936468/000119312505038829/d10k.htm
2004-09-30,LMT,2004-10-28,2004-10-28 17:08:44,Q3,8438000000,7921000000,517000000,0.0612704432329936,0.0,0.0,0.0,44000000,0.0,7921000000,-109000000,133000000,650000000,0.07703247214979853,517000000,0.0612704432329936,44000000,452000000,0.05356719601801375,145000000,307000000,0.03638302915382792,2.02,2.0,442574257,447000000,https://www.sec.gov/Archives/edgar/data/936468/000119312504180715/0001193125-04-180715-index.htm,https://www.sec.gov/Archives/edgar/data/936468/000119312504180715/d10q.htm
2004-06-30,LMT,2004-08-04,2004-08-04 16:53:17,Q2,8776000000,8243000000,533000000,0.06073381950774841,0.0,0.0,0.0,11000000,0.0,8243000000,-106000000,119000000,652000000,0.07429352780309936,533000000,0.06073381950774841,11000000,438000000,0.049908842297174114,142000000,296000000,0.03372835004557885,1.32,1.31,444696969,448091603,https://www.sec.gov/Archives/edgar/data/936468/000119312504131410/0001193125-04-131410-index.htm,https://www.sec.gov/Archives/edgar/data/936468/000119312504131410/d10q.htm
2004-03-31,LMT,2004-05-05,2004-05-05 17:26:54,Q1,8347000000,7879000000,468000000,0.05606804840062298,0.0,0.0,0.0,68000000,0.0,7879000000,-108000000,126000000,594000000,0.0711632922007907,468000000,0.05606804840062298,68000000,428000000,0.051275907511680846,137000000,291000000,0.034862824967054035,0.66,0.65,440909090,447692307,https://www.sec.gov/Archives/edgar/data/936468/000119312504079448/0001193125-04-079448-index.htm,https://www.sec.gov/Archives/edgar/data/936468/000119312504079448/d10q.htm
2003-12-31,LMT,2004-03-08,2004-03-05 19:57:34,FY,8978000000,8422000000,556000000,0.06192916016930274,0.0,0.0,0.0,60000000,0.0,8422000000,-111000000,136000000,692000000,0.07707730006683003,556000000,0.06192916016930274,60000000,-548000000,-0.061038093116507014,161000000,-709000000,-0.07897081755402094,0.0,0.0,1969444444,1969444444,https://www.sec.gov/Archives/edgar/data/936468/000119312504035751/0001193125-04-035751-index.htm,https://www.sec.gov/Archives/edgar/data/936468/000119312504035751/d10k.htm
2003-09-30,LMT,2003-11-04,2003-11-04 15:54:35,Q3,8078000000,7540000000,538000000,0.06660064372369398,0.0,0.0,0.0,-110000000,0.0,7540000000,-117000000,120000000,658000000,0.08145580589254767,538000000,0.06660064372369398,-110000000,311000000,0.03849962862094578,94000000,217000000,0.026863084922010397,0.36,0.36,1969444444,1969444444,https://www.sec.gov/Archives/edgar/data/936468/000119312503072490/0001193125-03-072490-index.htm,https://www.sec.gov/Archives/edgar/data/936468/000119312503072490/d10q.htm
2003-06-30,LMT,2003-08-07,2003-08-07 06:04:16,Q2,7709000000,7299000000,410000000,0.05318458944091322,0.0,0.0,0.0,60000000,0.0,7299000000,-119000000,116000000,526000000,0.06823193669736671,410000000,0.05318458944091322,60000000,351000000,0.045531197301854974,109000000,242000000,0.031391879621221946,0.24,0.24,2050000000,2050000000,https://www.sec.gov/Archives/edgar/data/936468/000119312503030326/0001193125-03-030326-index.htm,https://www.sec.gov/Archives/edgar/data/936468/000119312503030326/d10q.htm
2003-03-31,LMT,2003-05-08,2003-05-08 08:55:13,Q1,7059000000,6587000000,472000000,0.06686499504179062,0.0,0.0,0.0,33000000,0.0,6587000000,-140000000,108000000,580000000,0.08216461255135288,472000000,0.06686499504179062,33000000,365000000,0.0517070406573169,115000000,250000000,0.035415781272134864,0.12,0.12,2083333333,2083333333,https://www.sec.gov/Archives/edgar/data/936468/000092838503001493/0000928385-03-001493-index.htm,https://www.sec.gov/Archives/edgar/data/936468/000092838503001493/d10q.htm
