date,symbol,fillingDate,acceptedDate,period,revenue,costOfRevenue,grossProfit,grossProfitRatio,researchAndDevelopmentExpenses,generalAndAdministrativeExpenses,sellingAndMarketingExpenses,otherExpenses,operatingExpenses,costAndExpenses,interestExpense,depreciationAndAmortization,ebitda,ebitdaratio,operatingIncome,operatingIncomeRatio,totalOtherIncomeExpensesNet,incomeBeforeTax,incomeBeforeTaxRatio,incomeTaxExpense,netIncome,netIncomeRatio,eps,epsdiluted,weightedAverageShsOut,weightedAverageShsOutDil,link,finalLink
2020-01-31,LOW,2020-03-23,2020-03-23 17:05:45,FY,16027000000,11046000000,4981000000,0.3107880451737693,0.0,3685000000,0.0,0.0,3685000000,14731000000,0.0,508000000,1466000000,0.0914706432894,958000000,0.0597741311537,0.0,775000000,0.0483558994197,265000000,510000000,0.0318213015536,0.68,0.69,777000000,778000000,https://www.sec.gov/Archives/edgar/data/60667/000006066720000036/0000060667-20-000036-index.htm,https://www.sec.gov/Archives/edgar/data/60667/000006066720000036/form10k01312020.htm
2019-11-01,LOW,2019-12-04,2019-12-03 18:44:52,Q3,17388000000,11747000000,5641000000,0.32441913963653096,0.0,3773000000,0.0,0.0,3773000000,15520000000,0.0,458000000,2016000000,0.115942028986,1558000000,0.0896020243846,0.0,1381000000,0.0794225902922,332000000,1049000000,0.0603289625029,1.37,1.36,782000000,783000000,https://www.sec.gov/Archives/edgar/data/60667/000006066719000184/0000060667-19-000184-index.htm,https://www.sec.gov/Archives/edgar/data/60667/000006066719000184/form10q11012019.htm
2019-08-02,LOW,2019-09-03,2019-09-03 17:06:52,Q2,20992000000,14252000000,6740000000,0.3210746951219512,0.0,4047000000,0.0,0.0,4047000000,18299000000,0.0,461000000,2842000000,0.135384908537,2381000000,0.113424161585,0.0,2212000000,0.10537347561,536000000,1676000000,0.0798399390244,2.13,2.13,788000000,789000000,https://www.sec.gov/Archives/edgar/data/60667/000006066719000138/0000060667-19-000138-index.htm,https://www.sec.gov/Archives/edgar/data/60667/000006066719000138/form10q08022019.htm
2019-05-03,LOW,2019-06-03,2019-06-03 08:05:24,Q1,17741000000,12160000000,5581000000,0.314582041598557,0.0,3862000000,0.0,0.0,3862000000,16022000000,0.0,451000000,1868000000,0.105292824531,1417000000,0.0798714841328,0.0,1255000000,0.0707400935686,209000000,1046000000,0.0589594724085,1.31,1.31,796000000,797000000,https://www.sec.gov/Archives/edgar/data/60667/000006066719000086/0000060667-19-000086-index.htm,https://www.sec.gov/Archives/edgar/data/60667/000006066719000086/form10q_05032019.htm
2019-02-01,LOW,2019-04-02,2019-04-01 19:26:18,FY,15647000000,11610000000,4037000000,0.25800472934108776,0.0,4266000000,0.0,0.0,4266000000,15876000000,0.0,401000000,-167000000,-0.010672972454783665,-568000000,-0.03630088834920432,0.0,-725000000,-0.046334760657,99000000,-824000000,-0.0526618521122,-1.0,-0.99,811000000,812000000,https://www.sec.gov/Archives/edgar/data/60667/000006066719000042/0000060667-19-000042-index.htm,https://www.sec.gov/Archives/edgar/data/60667/000006066719000042/form10k_02012019.htm
2018-11-02,LOW,2018-12-06,2018-12-06 09:03:40,Q3,17415000000,11755000000,5660000000,0.32500717772035603,0.0,4269000000,0.0,0.0,4269000000,16024000000,0.0,455000000,1413000000,0.0811369509044,958000000,0.0550100488085,0.0,804000000,0.0461670973299,175000000,629000000,0.0361182888315,0.79,0.78,815000000,816000000,https://www.sec.gov/Archives/edgar/data/60667/000006066718000203/0000060667-18-000203-index.htm,https://www.sec.gov/Archives/edgar/data/60667/000006066718000203/form10q_11022018.htm
2018-08-03,LOW,2018-09-04,2018-09-04 16:34:23,Q2,20887000000,13688000000,7199000000,0.3446641451620625,0.0,4691000000,0.0,0.0,4691000000,18379000000,0.0,364000000,2527000000,0.120984344329,2163000000,0.103557236559,0.0,2010000000,0.0962321060947,489000000,1521000000,0.072820414612,1.86,1.86,819000000,820000000,https://www.sec.gov/Archives/edgar/data/60667/000006066718000157/0000060667-18-000157-index.htm,https://www.sec.gov/Archives/edgar/data/60667/000006066718000157/form10q_08032018.htm
2018-05-04,LOW,2018-06-05,2018-06-05 16:46:44,Q1,17360000000,11348000000,6012000000,0.34631336405529956,0.0,4187000000,0.0,0.0,4187000000,15535000000,0.0,387000000,1852000000,0.10668202765,1465000000,0.0843894009217,0.0,1305000000,0.0751728110599,317000000,988000000,0.0569124423963,1.19,1.19,825000000,826000000,https://www.sec.gov/Archives/edgar/data/60667/000006066718000117/0000060667-18-000117-index.htm,https://www.sec.gov/Archives/edgar/data/60667/000006066718000117/form10q_05042018.htm
2018-02-02,LOW,2018-04-02,2018-04-02 16:36:28,FY,15494000000,10268000000,5226000000,0.33729185491157865,0.0,3761000000,0.0,0.0,3761000000,14029000000,0.0,392000000,1490000000,0.0961662579063,1098000000,0.0708661417323,0.0,944000000,0.0609268103782,390000000,554000000,0.0357557764296,0.67,0.67,839000000,840000000,https://www.sec.gov/Archives/edgar/data/60667/000006066718000051/0000060667-18-000051-index.htm,https://www.sec.gov/Archives/edgar/data/60667/000006066718000051/form10k_02022018.htm
2017-11-03,LOW,2017-12-05,2017-12-05 16:10:08,Q3,16770000000,11057000000,5713000000,0.3406678592725104,0.0,3808000000,0.0,0.0,3808000000,14865000000,0.0,380000000,1927000000,0.114907573047,1547000000,0.0922480620155,0.0,1387000000,0.0827072152654,515000000,872000000,0.0519976147883,1.05,1.05,843000000,844000000,https://www.sec.gov/Archives/edgar/data/60667/000006066717000176/0000060667-17-000176-index.htm,https://www.sec.gov/Archives/edgar/data/60667/000006066717000176/form10q_11032017.htm
2017-08-04,LOW,2017-09-05,2017-09-05 17:00:34,Q2,19495000000,12825000000,6670000000,0.34213901000256475,0.0,3931000000,0.0,0.0,3931000000,16756000000,0.0,379000000,2761000000,0.141626057964,2382000000,0.122185175686,0.0,2224000000,0.11408053347,805000000,1419000000,0.0727878943319,1.67,1.67,849000000,850000000,https://www.sec.gov/Archives/edgar/data/60667/000006066717000130/0000060667-17-000130-index.htm,https://www.sec.gov/Archives/edgar/data/60667/000006066717000130/form10q_08042017.htm
2017-05-05,LOW,2017-06-06,2017-06-06 16:42:04,Q1,16860000000,11060000000,5800000000,0.34400948991696323,0.0,3876000000,0.0,0.0,3876000000,14936000000,0.0,389000000,1948000000,0.115539739027,1559000000,0.0924673784104,0.0,934000000,0.0553973902728,332000000,602000000,0.0357058125741,0.7,0.7,857000000,858000000,https://www.sec.gov/Archives/edgar/data/60667/000006066717000111/0000060667-17-000111-index.htm,https://www.sec.gov/Archives/edgar/data/60667/000006066717000111/form10q_05052017.htm
2017-02-03,LOW,2017-04-04,2017-04-04 09:27:27,FY,15784000000,10352000000,5432000000,0.34414597060314245,0.0,3775000000,0.0,-1587000000,2188000000,12540000000,0.0,400000000,2155000000,0.136530663964,1755000000,0.111188545362,0.0,1110000000,0.0703243791181,447000000,665000000,0.0421312721744,0.74,0.74,880000000,881000000,https://www.sec.gov/Archives/edgar/data/60667/000006066717000076/0000060667-17-000076-index.htm,https://www.sec.gov/Archives/edgar/data/60667/000006066717000076/lowesform10k.htm
2016-10-28,LOW,2016-11-29,2016-11-29 16:08:11,Q3,15739000000,10333000000,5406000000,0.34347798462418194,0.0,4089000000,0.0,541000000,4630000000,14963000000,0.0,412000000,1188000000,0.075481288519,776000000,0.0493042760023,0.0,776000000,0.0493042760023,397000000,377000000,0.0239532371815,0.45,0.44,884000000,886000000,https://www.sec.gov/Archives/edgar/data/60667/000006066716000407/0000060667-16-000407-index.htm,https://www.sec.gov/Archives/edgar/data/60667/000006066716000407/form10q.htm
2016-07-29,LOW,2016-09-02,2016-09-02 17:28:54,Q2,18260000000,11971000000,6289000000,0.34441401971522456,0.0,3871000000,0.0,533000000,4404000000,16375000000,0.0,395000000,2280000000,0.124863088719,1885000000,0.103231106243,0.0,1885000000,0.103231106243,718000000,1167000000,0.0639101861993,1.31,1.31,890000000,892000000,https://www.sec.gov/Archives/edgar/data/60667/000006066716000363/0000060667-16-000363-index.htm,https://www.sec.gov/Archives/edgar/data/60667/000006066716000363/form10q.htm
2016-04-29,LOW,2016-05-31,2016-05-31 17:16:23,Q1,15234000000,9897000000,5337000000,0.3503347774714454,0.0,3394000000,0.0,513000000,3907000000,13804000000,0.0,383000000,1813000000,0.119010108967,1430000000,0.0938689772876,0.0,1430000000,0.0938689772876,546000000,884000000,0.0580280950505,0.98,0.98,897000000,899000000,https://www.sec.gov/Archives/edgar/data/60667/000006066716000321/0000060667-16-000321-index.htm,https://www.sec.gov/Archives/edgar/data/60667/000006066716000321/form10q.htm
2016-01-29,LOW,2016-03-29,2016-03-28 19:07:36,FY,13236000000,8648000000,4588000000,0.3466304019341191,0.0,3781000000,0.0,512000000,4293000000,12941000000,0.0,395000000,690000000,0.0521305530372,295000000,0.0222877002115,0.0,295000000,0.0222877002115,284000000,11000000,0.000831066787549,0.03,0.03,927000000,929000000,https://www.sec.gov/Archives/edgar/data/60667/000006066716000276/0000060667-16-000276-index.htm,https://www.sec.gov/Archives/edgar/data/60667/000006066716000276/lowesform10k.htm
2015-10-30,LOW,2015-12-02,2015-12-02 16:08:50,Q3,14360000000,9370000000,4990000000,0.3474930362116992,0.0,3287000000,0.0,516000000,3803000000,13173000000,0.0,401000000,1588000000,0.110584958217,1187000000,0.0826601671309,0.0,1187000000,0.0826601671309,451000000,736000000,0.0512534818942,0.8,0.8,933000000,935000000,https://www.sec.gov/Archives/edgar/data/60667/000006066715000186/0000060667-15-000186-index.htm,https://www.sec.gov/Archives/edgar/data/60667/000006066715000186/form10q.htm
2015-07-31,LOW,2015-09-01,2015-09-01 16:55:26,Q2,17349000000,11369000000,5980000000,0.344688454665975,0.0,3632000000,0.0,509000000,4141000000,15510000000,0.0,400000000,2239000000,0.129056429765,1839000000,0.106000345841,0.0,1839000000,0.106000345841,713000000,1126000000,0.0649028762465,1.2,1.2,940000000,942000000,https://www.sec.gov/Archives/edgar/data/60667/000006066715000134/0000060667-15-000134-index.htm,https://www.sec.gov/Archives/edgar/data/60667/000006066715000134/form10q.htm
2015-05-01,LOW,2015-06-02,2015-06-02 16:29:19,Q1,14129000000,9117000000,5012000000,0.354731403496355,0.0,3415000000,0.0,499000000,3914000000,13031000000,0.0,391000000,1489000000,0.105386085356,1098000000,0.0777125061929,0.0,1098000000,0.0777125061929,425000000,673000000,0.0476325288414,0.7,0.7,950000000,952000000,https://www.sec.gov/Archives/edgar/data/60667/000006066715000102/0000060667-15-000102-index.htm,https://www.sec.gov/Archives/edgar/data/60667/000006066715000102/form10q.htm
2015-01-30,LOW,2015-03-31,2015-03-31 15:10:12,FY,12541000000,8194000000,4347000000,0.3466230763097042,0.0,3166000000,0.0,494000000,3660000000,11854000000,0.0,387000000,1074000000,0.0856391037397,687000000,0.0547803205486,0.0,687000000,0.0547803205486,237000000,450000000,0.0358823060362,0.47,0.47,988000000,990000000,https://www.sec.gov/Archives/edgar/data/60667/000006066715000057/0000060667-15-000057-index.htm,https://www.sec.gov/Archives/edgar/data/60667/000006066715000057/lowesform10k.htm
2014-10-31,LOW,2014-12-02,2014-12-02 16:53:05,Q3,13681000000,8963000000,4718000000,0.3448578320298224,0.0,3256000000,0.0,509000000,3765000000,12728000000,0.0,401000000,1354000000,0.0989693735838,953000000,0.0696586506834,0.0,953000000,0.0696586506834,368000000,585000000,0.0427600321614,0.59,0.6,996000000,998000000,https://www.sec.gov/Archives/edgar/data/60667/000006066714000202/0000060667-14-000202-index.htm,https://www.sec.gov/Archives/edgar/data/60667/000006066714000202/form10q.htm
2014-08-01,LOW,2014-09-02,2014-09-02 16:52:04,Q2,16598000000,10863000000,5735000000,0.3455235570550669,0.0,3540000000,0.0,501000000,4041000000,14904000000,0.0,400000000,2094000000,0.126159778287,1694000000,0.102060489216,0.0,1694000000,0.102060489216,655000000,1039000000,0.0625979033619,1.04,1.03,1005000000,1007000000,https://www.sec.gov/Archives/edgar/data/60667/000006066714000148/0000060667-14-000148-index.htm,https://www.sec.gov/Archives/edgar/data/60667/000006066714000148/form10q.htm
2014-05-02,LOW,2014-06-03,2014-06-03 17:16:40,Q1,13403000000,8645000000,4758000000,0.35499515033947626,0.0,3319000000,0.0,497000000,3816000000,12461000000,0.0,398000000,1340000000,0.0999776169514,942000000,0.0702827725136,0.0,942000000,0.0702827725136,318000000,624000000,0.0465567410281,0.61,0.61,1015000000,1017000000,https://www.sec.gov/Archives/edgar/data/60667/000006066714000110/0000060667-14-000110-index.htm,https://www.sec.gov/Archives/edgar/data/60667/000006066714000110/form10q.htm
2014-01-31,LOW,2014-03-31,2014-03-31 17:21:20,FY,11660000000,7618000000,4042000000,0.34665523156089195,0.0,3045000000,0.0,498000000,3543000000,11161000000,0.0,395000000,894000000,0.0766723842196,499000000,0.0427958833619,0.0,499000000,0.0427958833619,193000000,306000000,0.026243567753,0.3,0.3,1059000000,1061000000,https://www.sec.gov/Archives/edgar/data/60667/000006066714000054/0000060667-14-000054-index.htm,https://www.sec.gov/Archives/edgar/data/60667/000006066714000054/lowesform10k.htm
2013-11-01,LOW,2013-12-03,2013-12-03 16:56:36,Q3,12957000000,8475000000,4482000000,0.34591340588099095,0.0,3185000000,0.0,498000000,3683000000,12158000000,0.0,400000000,1199000000,0.0925368526665,799000000,0.0616655089913,0.0,799000000,0.0616655089913,301000000,498000000,0.0384348228757,0.47,0.48,1067000000,1069000000,https://www.sec.gov/Archives/edgar/data/60667/000006066713000169/0000060667-13-000169-index.htm,https://www.sec.gov/Archives/edgar/data/60667/000006066713000169/form10q.htm
2013-08-02,LOW,2013-09-03,2013-09-03 16:28:41,Q2,15712000000,10315000000,5397000000,0.34349541751527496,0.0,3413000000,0.0,477000000,3890000000,14205000000,0.0,391000000,1898000000,0.120799389002,1507000000,0.0959139511202,-26000000,1507000000,0.0959139511202,565000000,942000000,0.0599541751527,0.88,0.87,1077000000,1079000000,https://www.sec.gov/Archives/edgar/data/60667/000006066713000121/0000060667-13-000121-index.htm,https://www.sec.gov/Archives/edgar/data/60667/000006066713000121/lowesform10q.htm
2013-05-03,LOW,2013-06-04,2013-06-04 16:50:53,Q1,13088000000,8533000000,4555000000,0.348028728606357,0.0,3222000000,0.0,465000000,3687000000,12220000000,0.0,376000000,1244000000,0.0950488997555,868000000,0.0663202933985,0.0,868000000,0.0663202933985,328000000,540000000,0.0412591687042,0.49,0.49,1088000000,1090000000,https://www.sec.gov/Archives/edgar/data/60667/000006066713000093/0000060667-13-000093-index.htm,https://www.sec.gov/Archives/edgar/data/60667/000006066713000093/lowesform10q.htm
2013-02-01,LOW,2013-04-02,2013-04-01 18:19:20,FY,11046000000,7261000000,3785000000,0.34265797573782364,0.0,2808000000,0.0,522000000,3330000000,10591000000,0.0,438000000,893000000,0.0808437443418,455000000,0.0411913814956,-1000000.0,455000000,0.0411913814956,166000000,289000000,0.0261633170378,0.26,0.27,1150000000,1152000000,https://www.sec.gov/Archives/edgar/data/60667/000006066713000045/0000060667-13-000045-index.htm,https://www.sec.gov/Archives/edgar/data/60667/000006066713000045/lowesform10k.htm
2012-11-02,LOW,2012-12-04,2012-12-04 16:23:50,Q3,12073000000,7930000000,4143000000,0.3431624285595958,0.0,3022000000,0.0,486000000,3508000000,11438000000,0.0,396000000,1031000000,0.0853971672327,635000000,0.0525967033877,6000000.0,635000000,0.0525967033877,240000000,395000000,0.0327176343908,0.36,0.35,1163000000,1165000000,https://www.sec.gov/Archives/edgar/data/60667/000006066712000220/0000060667-12-000220-index.htm,https://www.sec.gov/Archives/edgar/data/60667/000006066712000220/lowesform10q.htm
2012-08-03,LOW,2012-09-04,2012-09-04 15:22:13,Q2,14249000000,9414000000,4835000000,0.33932205768825885,0.0,3173000000,0.0,465000000,3638000000,13052000000,0.0,393000000,1590000000,0.11158677802,1197000000,0.0840058951505,-5000000.0,1197000000,0.0840058951505,449000000,748000000,0.0524949119236,0.64,0.64,1182000000,1183000000,https://www.sec.gov/Archives/edgar/data/60667/000006066712000176/0000060667-12-000176-index.htm,https://www.sec.gov/Archives/edgar/data/60667/000006066712000176/lowesform10q.htm
2012-05-04,LOW,2012-06-06,2012-06-05 19:09:23,Q1,13153000000,8589000000,4564000000,0.3469930814262906,0.0,3241000000,0.0,473000000,3714000000,12303000000,0.0,396000000,1246000000,0.0947312400213,850000000,0.0646240401429,6000000.0,850000000,0.0646240401429,323000000,527000000,0.0400669048886,0.43,0.43,1206000000,1208000000,https://www.sec.gov/Archives/edgar/data/60667/000006066712000149/0000060667-12-000149-index.htm,https://www.sec.gov/Archives/edgar/data/60667/000006066712000149/lowesform10q.htm
2012-02-03,LOW,2012-04-02,2012-04-02 16:59:25,FY,11629000000,7650000000,3979000000,0.34216183678734197,0.0,3010000000,0.0,484000000,3494000000,11144000000,0.0,408000000,893000000,0.0767907816665,485000000,0.0417060796285,0.0,485000000,0.0417060796285,163000000,322000000,0.0276893971967,0.26,0.26,1271000000,1273000000,https://www.sec.gov/Archives/edgar/data/60667/000006066712000096/0000060667-12-000096-index.htm,https://www.sec.gov/Archives/edgar/data/60667/000006066712000096/lowesform10k02032012.htm
2011-10-28,LOW,2011-12-01,2011-12-01 17:05:18,Q3,11851000000,7815000000,4036000000,0.34056197789216097,0.0,3232000000,0.0,452000000,3684000000,11499000000,0.0,385000000,737000000,0.0621888448232,352000000,0.0297021348409,0.0,352000000,0.0297021348409,127000000,225000000,0.0189857396,0.18,0.19,1283000000,1286000000,https://www.sec.gov/Archives/edgar/data/60667/000006066711000187/0000060667-11-000187-index.htm,https://www.sec.gov/Archives/edgar/data/60667/000006066711000187/lowesform10q10282011.htm
2011-07-29,LOW,2011-08-30,2011-08-30 16:09:15,Q2,26728000000,17393000000,9335000000,0.34925920383118825,0.0,6351000000,0.0,915000000,7266000000,24659000000,0.0,786000000,2855000000,0.106816821311,2069000000,0.077409458246,0.0,2069000000,0.077409458246,777000000,1292000000,0.0483388207124,0.99,0.98,1300000000,1303000000,https://www.sec.gov/Archives/edgar/data/60667/000006066711000161/0000060667-11-000161-index.htm,https://www.sec.gov/Archives/edgar/data/60667/000006066711000161/lowesform10q07292011.htm
2011-04-29,LOW,2011-05-31,2011-05-31 17:19:35,Q1,12185000000,7866000000,4319000000,0.35445219532211736,0.0,3120000000,0.0,0.0,3120000000,10986000000,0.0,397000000,676000000,0.05547804677882642,279000000,0.02289700451374641,0.0,279000000,0.02289700451374641,279000000,0.0,0.0,0.0,0.0,0.0,0.0,https://www.sec.gov/Archives/edgar/data/60667/000006066711000115/0000060667-11-000115-index.htm,https://www.sec.gov/Archives/edgar/data/60667/000006066711000115/lowesform10q04292011.htm
2011-01-28,LOW,2011-03-29,2011-03-29 08:26:52,FY,10480000000,6754000000,3726000000,0.3555343511450382,0.0,-9214000000,0.0,0.0,-9214000000,-2460000000,0.0,412000000,583000000,0.05562977099236641,171000000,0.01631679389312977,0.0,171000000,0.01631679389312977,171000000,0.0,0.0,0.0,0.0,1415000000000,1415000000000,https://www.sec.gov/Archives/edgar/data/60667/000006066711000061/0000060667-11-000061-index.htm,https://www.sec.gov/Archives/edgar/data/60667/000006066711000061/lowesform10k01282011.htm
2010-10-29,LOW,2010-12-01,2010-12-01 14:02:12,Q3,11586000000,7525000000,4061000000,0.3505092352839634,0.0,2931000000,0.0,0.0,2931000000,10456000000,0.0,424000000,671000000,0.0579147246677024,247000000,0.021318833074400138,0.0,247000000,0.021318833074400138,247000000,0.0,0.0,0.0,0.0,1427000000000,1427000000000,https://www.sec.gov/Archives/edgar/data/60667/000006066710000184/0000060667-10-000184-index.htm,https://www.sec.gov/Archives/edgar/data/60667/000006066710000184/lowesform10q10292010.htm
2010-07-30,LOW,2010-08-31,2010-08-31 16:33:17,Q2,14361000000,9354000000,5007000000,0.3486526007938166,0.0,3190000000,0.0,0.0,3190000000,12544000000,0.0,424000000,927000000,0.06454982243576353,503000000,0.03502541605737762,0.0,503000000,0.03502541605737762,503000000,0.0,0.0,0.0,0.0,1438000000000,1438000000000,https://www.sec.gov/Archives/edgar/data/60667/000006066710000159/0000060667-10-000159-index.htm,https://www.sec.gov/Archives/edgar/data/60667/000006066710000159/lowesform10q07302010.htm
2010-04-30,LOW,2010-06-02,2010-06-01 18:03:38,Q1,12388000000,8030000000,4358000000,0.3517920568291895,0.0,3093000000,0.0,0.0,3093000000,11123000000,0.0,424000000,721000000,0.05820148530836293,297000000,0.023974814336454632,0.0,297000000,0.023974814336454632,297000000,0.0,0.0,0.0,0.0,0.0,0.0,https://www.sec.gov/Archives/edgar/data/60667/000006066710000102/0000060667-10-000102-index.htm,https://www.sec.gov/Archives/edgar/data/60667/000006066710000102/lowesform10q04302010.htm
2010-01-29,LOW,2010-03-30,2010-03-30 17:28:54,FY,47078797990,30687329358,16391468632,0.34817092474369693,0.0,11617697221,0.0,1927633411,13545330632,44232659990,287000000,1729296160,4575434160,0.0971867242866,2846138000,0.0604547720314,0.0,2845599694,0.0604433378823,1041978608,1803621086,0.0383106868273,2.66,2.66,1464000000000,1464000000000,https://www.sec.gov/Archives/edgar/data/60667/000006066710000059/0000060667-10-000059-index.htm,https://www.sec.gov/Archives/edgar/data/60667/000006066710000059/lowesform10k01292010.htm
2009-10-30,LOW,2009-12-01,2009-12-01 16:40:03,Q3,11376000000,7485000000,3891000000,0.3420358649789029,0.0,2872000000,0.0,0.0,2872000000,10357000000,0.0,433000000,618000000,0.054324894514767935,185000000,0.016262306610407878,0.0,185000000,0.016262306610407878,185000000,0.0,0.0,1.07,1.07,1464000000000,1464000000000,https://www.sec.gov/Archives/edgar/data/60667/000006066709000160/0000060667-09-000160-index.htm,https://www.sec.gov/Archives/edgar/data/60667/000006066709000160/lowesform10q10302009.htm
2009-07-31,LOW,2009-09-01,2009-09-01 17:09:07,Q2,13844000000,9022000000,4822000000,0.3483097370702109,0.0,3108000000,0.0,0.0,3108000000,12130000000,0.0,436000000,893000000,0.06450447847442936,457000000,0.033010690551863626,0.0,457000000,0.033010690551863626,457000000,0.0,0.0,0.84,0.84,1463000000000,1463000000000,https://www.sec.gov/Archives/edgar/data/60667/000006066709000096/0000060667-09-000096-index.htm,https://www.sec.gov/Archives/edgar/data/60667/000006066709000096/lowesform10q7312009.htm
2009-05-01,LOW,2009-06-01,2009-06-01 15:35:52,Q1,11832000000,7636000000,4196000000,0.354631507775524,0.0,2944000000,0.0,0.0,2944000000,10580000000,0.0,434000000,718000000,0.06068289384719405,284000000,0.024002704530087897,0.0,284000000,0.024002704530087897,284000000,0.0,0.0,0.32,0.32,1462000000000,1462000000000,https://www.sec.gov/Archives/edgar/data/60667/000006066709000048/0000060667-09-000048-index.htm,https://www.sec.gov/Archives/edgar/data/60667/000006066709000048/lowesform10q5012009.htm
2009-01-30,LOW,2009-03-31,2009-03-31 16:34:00,FY,9984000000,6616000000,3368000000,0.3373397435897436,0.0,2610000000,0.0,0.0,2610000000,9226000000,0.0,435000000,532000000,0.05328525641025641,97000000,0.009715544871794872,0.0,97000000,0.009715544871794872,97000000,0.0,0.0,1.51,1.51,1456000000000,1456000000000,https://www.sec.gov/Archives/edgar/data/60667/000006066709000036/0000060667-09-000036-index.htm,https://www.sec.gov/Archives/edgar/data/60667/000006066709000036/lowesform10k01302009.htm
2008-10-31,LOW,2008-12-02,2008-12-02 16:51:13,Q3,11727000000,7742000000,3985000000,0.33981410420397373,0.0,2726000000,0.0,0.0,2726000000,10468000000,0.0,416000000,705000000,0.060117677155282684,289000000,0.024643983968619426,0.0,289000000,0.024643983968619426,289000000,0.0,0.0,1.4,1.4,1456000000000,1456000000000,https://www.sec.gov/Archives/edgar/data/60667/000006066708000155/0000060667-08-000155-index.htm,https://www.sec.gov/Archives/edgar/data/60667/000006066708000155/lowesform10q10312008.htm
2008-08-01,LOW,2008-09-03,2008-09-03 17:17:27,Q2,14510000000,9528000000,4982000000,0.34334941419710546,0.0,3013000000,0.0,0.0,3013000000,12541000000,0.0,412000000,972000000,0.06698828394210889,560000000,0.03859407305306685,0.0,560000000,0.03859407305306685,560000000,0.0,0.0,1.06,1.06,1454000000000,1454000000000,https://www.sec.gov/Archives/edgar/data/60667/000006066708000135/0000060667-08-000135-index.htm,https://www.sec.gov/Archives/edgar/data/60667/000006066708000135/lowesform10q08012008.htm
2008-05-02,LOW,2008-06-04,2008-06-04 16:59:22,Q1,12009000000,7843000000,4166000000,0.3469064868015655,0.0,2725000000,0.0,0.0,2725000000,10568000000,0.0,404000000,769000000,0.06403530685319343,365000000,0.03039387126321925,0.0,365000000,0.03039387126321925,365000000,0.0,0.0,0.42,0.42,1454000000000,1454000000000,https://www.sec.gov/Archives/edgar/data/60667/000006066708000093/0000060667-08-000093-index.htm,https://www.sec.gov/Archives/edgar/data/60667/000006066708000093/lowesform10q05022008.htm
2008-02-01,LOW,2008-04-01,2008-04-01 17:02:10,FY,100000000,66000000,34000000,0.34,0.0,21000000,0.0,0.0,21000000,87000000,0.0,395000000,398000000,3.98,3000000.0,0.03,0.0,3000000.0,0.03,3000000.0,0.0,0.0,0.0,0.0,1490000000000,1490000000000,https://www.sec.gov/Archives/edgar/data/60667/000006066708000067/0000060667-08-000067-index.htm,https://www.sec.gov/Archives/edgar/data/60667/000006066708000067/lowesform10k02012008.htm
2007-11-02,LOW,2007-12-12,2007-12-12 11:36:58,Q3,11566000000,7603000000,3963000000,0.3426422272177071,0.0,2502000000,0.0,0.0,2502000000,10105000000,0.0,368000000,755000000,0.0652775376102369,387000000,0.03346014179491613,0.0,387000000,0.03346014179491613,387000000,0.0,0.0,1.61,1.61,1490000000000,1490000000000,https://www.sec.gov/Archives/edgar/data/60667/000006066707000130/0000060667-07-000130-index.htm,https://www.sec.gov/Archives/edgar/data/60667/000006066707000130/lowesform10q1122007.htm
2007-08-03,LOW,2007-09-05,2007-09-05 10:08:24,Q2,14166000000,9282000000,4884000000,0.3447691656077933,0.0,2839000000,0.0,0.0,2839000000,12121000000,0.0,356000000,973000000,0.0686855852040096,617000000,0.04355499082309756,0.0,617000000,0.04355499082309756,617000000,0.0,0.0,1.17,1.17,1500000000000,1500000000000,https://www.sec.gov/Archives/edgar/data/60667/000006066707000106/0000060667-07-000106-index.htm,https://www.sec.gov/Archives/edgar/data/60667/000006066707000106/lowesform10q832007.htm
2007-05-04,LOW,2007-06-06,2007-06-06 16:04:03,Q1,12172000000,7913000000,4259000000,0.34990141307919814,0.0,2685000000,0.0,0.0,2685000000,10598000000,0.0,345000000,798000000,0.0655603023332238,453000000,0.03721656260269471,0.0,453000000,0.03721656260269471,453000000,0.0,0.0,0.49,0.49,1510000000000,1510000000000,https://www.sec.gov/Archives/edgar/data/60667/000006066707000086/0000060667-07-000086-index.htm,https://www.sec.gov/Archives/edgar/data/60667/000006066707000086/lowesform10q542007.htm
2007-02-02,LOW,2007-04-03,2007-04-03 15:41:22,FY,100000000,66000000,34000000,0.34,0.0,20000000,0.0,0.0,20000000,86000000,0.0,330000000,334000000,3.34,4000000.0,0.04,0.0,4000000.0,0.04,4000000.0,0.0,0.0,0.0,0.0,1540000000000,1540000000000,https://www.sec.gov/Archives/edgar/data/60667/000006066707000052/0000060667-07-000052-index.htm,https://www.sec.gov/Archives/edgar/data/60667/000006066707000052/lowesform10k02022007.htm
2006-11-03,LOW,2006-12-06,2006-12-06 09:46:39,Q3,11212000000,7347000000,3865000000,0.3447199429183018,0.0,2321000000,0.0,0.0,2321000000,9668000000,0.0,316000000,758000000,0.06760613628255441,442000000,0.039422047805922227,0.0,442000000,0.039422047805922227,442000000,0.0,0.0,1.62,1.62,1540000000000,1540000000000,https://www.sec.gov/Archives/edgar/data/60667/000006066706000160/0000060667-06-000160-index.htm,https://www.sec.gov/Archives/edgar/data/60667/000006066706000160/lowesform10q1132006.htm
2006-08-04,LOW,2006-09-07,2006-09-07 16:55:51,Q2,13389000000,8912000000,4477000000,0.3343789678093958,0.0,2616000000,0.0,0.0,2616000000,11528000000,0.0,301000000,886000000,0.06617372469938008,585000000,0.04369258346403764,0.0,585000000,0.04369258346403764,585000000,0.0,0.0,1.15,1.15,1549000000000,1549000000000,https://www.sec.gov/Archives/edgar/data/60667/000006066706000139/0000060667-06-000139-index.htm,https://www.sec.gov/Archives/edgar/data/60667/000006066706000139/lowesform10q842006.htm
2006-05-05,LOW,2006-06-14,2006-06-14 12:24:13,Q1,11921000000,7752000000,4169000000,0.3497189833067696,0.0,2467000000,0.0,0.0,2467000000,10219000000,0.0,290000000,817000000,0.0685345189161983,527000000,0.04420770069625032,0.0,527000000,0.04420770069625032,527000000,0.0,0.0,1.08,1.08,778000.0,778000.0,https://www.sec.gov/Archives/edgar/data/60667/000006066706000120/0000060667-06-000120-index.htm,https://www.sec.gov/Archives/edgar/data/60667/000006066706000120/lowesform10q552006.htm
2006-02-03,LOW,2006-04-07,2006-04-06 20:18:41,FY,425000000,0.0,425000000,1.0,0.0,0.0,0.0,0.0,0.0,0.0,0.0,280000000,300000000,0.7058823529411765,20000000,0.047058823529411764,0.0,10000000,0.023529411764705882,10000000,0.0,0.0,0.0,0.0,776000.0,776000.0,https://www.sec.gov/Archives/edgar/data/60667/000006066706000079/0000060667-06-000079-index.htm,https://www.sec.gov/Archives/edgar/data/60667/000006066706000079/lowesform10k02032006.htm
2005-10-28,LOW,2005-12-07,2005-12-07 10:05:08,Q3,10593000000,6998000000,3595000000,0.3393750590012272,0.0,2212000000,0.0,0.0,2212000000,9210000000,0.0,266000000,672000000,0.06343811951288587,406000000,0.03832719720570188,0.0,406000000,0.03832719720570188,406000000,0.0,0.0,2.68,2.68,776000.0,776000.0,https://www.sec.gov/Archives/edgar/data/60667/000006066705000272/0000060667-05-000272-index.htm,https://www.sec.gov/Archives/edgar/data/60667/000006066705000272/lowesform10q10282005.htm
2005-07-29,LOW,2005-09-01,2005-09-01 17:31:01,Q2,11929000000,7892000000,4037000000,0.3384189789588398,0.0,2363000000,0.0,0.0,2363000000,10255000000,0.0,252000000,777000000,0.06513538435744824,525000000,0.04401039483611367,0.0,525000000,0.04401039483611367,525000000,0.0,0.0,1.84,1.84,774000.0,774000.0,https://www.sec.gov/Archives/edgar/data/60667/000006066705000238/0000060667-05-000238-index.htm,https://www.sec.gov/Archives/edgar/data/60667/000006066705000238/lowesform10q07292005.htm
2005-04-29,LOW,2005-06-08,2005-06-08 13:46:38,Q1,9913000000,6498000000,3415000000,0.34449712498739027,0.0,2136000000,0.0,0.0,2136000000,8634000000,0.0,253000000,622000000,0.0627458892363563,369000000,0.037223847473015235,0.0,369000000,0.037223847473015235,369000000,0.0,0.0,0.76,0.76,774000.0,774000.0,https://www.sec.gov/Archives/edgar/data/60667/000006066705000159/0000060667-05-000159-index.htm,https://www.sec.gov/Archives/edgar/data/60667/000006066705000159/lowesform10q04292005.htm
2005-01-28,LOW,2005-04-13,2005-04-13 16:37:25,FY,8550000000,5560000000,2990000000,0.3497076023391813,0.0,1839000000,0.0,0.0,1839000000,7399000000,0.0,257000000,752000000,0.087953216374269,495000000,0.05789473684210526,0.0,309000000,0.03614035087719298,309000000,0.0,0.0,2.8,2.8,778000.0,778000.0,https://www.sec.gov/Archives/edgar/data/60667/000006066705000099/0000060667-05-000099-index.htm,https://www.sec.gov/Archives/edgar/data/60667/000006066705000099/lowesform10k01282005.htm
2004-10-29,LOW,2004-12-07,2004-12-07 17:11:55,Q3,9064000000,6014000000,3050000000,0.3364960282436011,0.0,1902000000,0.0,0.0,1902000000,7916000000,0.0,230000000,752000000,0.08296557811120918,522000000,0.057590467784642545,0.0,328000000,0.03618711385701677,328000000,0.0,0.0,2.16,2.16,778000.0,778000.0,https://www.sec.gov/Archives/edgar/data/60667/000006066704000321/0000060667-04-000321-index.htm,https://www.sec.gov/Archives/edgar/data/60667/000006066704000321/form10q10292004.htm
2004-07-30,LOW,2004-09-03,2004-09-03 16:32:53,Q2,18850000000,12591000000,6259000000,0.3320424403183024,0.0,3821000000,0.0,0.0,3821000000,16412000000,0.0,220000000,924000000,0.04901856763925729,704000000,0.0373474801061008,0.0,723000000,0.03835543766578249,723000000,0.0,0.0,1.48,1.48,781000.0,781000.0,https://www.sec.gov/Archives/edgar/data/60667/000006066704000283/0000060667-04-000283-index.htm,https://www.sec.gov/Archives/edgar/data/60667/000006066704000283/form10q07302004.htm
2004-04-30,LOW,2004-06-04,2004-06-04 15:37:15,Q1,0.0,0.0,0.0,0.0,0.0,0.0,0.0,0.0,0.0,0.0,0.0,213000000,668000000,0.0,455000000,0.0,0.0,0.0,0.0,0.0,0.0,0.0,0.58,0.58,786000.0,786000.0,https://www.sec.gov/Archives/edgar/data/60667/000006066704000242/0000060667-04-000242-index.htm,https://www.sec.gov/Archives/edgar/data/60667/000006066704000242/form10q04302004.htm
2004-01-30,LOW,2004-04-08,2004-04-07 18:25:33,FY,425000000,0.0,425000000,1.0,0.0,0.0,0.0,0.0,0.0,0.0,0.0,210000000,230000000,0.5411764705882353,20000000,0.047058823529411764,0.0,10000000,0.023529411764705882,10000000,0.0,0.0,0.0,0.0,0.0,0.0,https://www.sec.gov/Archives/edgar/data/60667/000006066704000188/0000060667-04-000188-index.htm,https://www.sec.gov/Archives/edgar/data/60667/000006066704000188/form10k1302004.htm
2003-10-31,LOW,2003-12-09,2003-12-09 14:19:18,Q3,0.0,0.0,0.0,0.0,0.0,0.0,0.0,0.0,0.0,0.0,0.0,198000000,198000000,0.0,0.0,0.0,0.0,0.0,0.0,0.0,0.0,0.0,0.0,0.0,0.0,0.0,https://www.sec.gov/Archives/edgar/data/60667/000006066703000209/0000060667-03-000209-index.htm,https://www.sec.gov/Archives/edgar/data/60667/000006066703000209/form10q10312003.htm
2003-08-01,LOW,2003-09-12,2003-09-12 14:22:34,Q2,0.0,0.0,0.0,0.0,0.0,0.0,0.0,0.0,0.0,0.0,0.0,189000000,189000000,0.0,0.0,0.0,0.0,0.0,0.0,0.0,0.0,0.0,0.0,0.0,0.0,0.0,https://www.sec.gov/Archives/edgar/data/60667/000006066703000177/0000060667-03-000177-index.htm,https://www.sec.gov/Archives/edgar/data/60667/000006066703000177/form10q080103.htm
2003-05-02,LOW,2003-06-13,2003-06-13 16:46:45,Q1,0.0,0.0,0.0,0.0,0.0,0.0,0.0,0.0,0.0,0.0,0.0,184000000,184000000,0.0,0.0,0.0,0.0,0.0,0.0,0.0,0.0,0.0,0.0,0.0,0.0,0.0,https://www.sec.gov/Archives/edgar/data/60667/000006066703000099/0000060667-03-000099-index.htm,https://www.sec.gov/Archives/edgar/data/60667/000006066703000099/form10q050203a.htm
