date,symbol,fillingDate,acceptedDate,period,revenue,costOfRevenue,grossProfit,grossProfitRatio,researchAndDevelopmentExpenses,generalAndAdministrativeExpenses,sellingAndMarketingExpenses,otherExpenses,operatingExpenses,costAndExpenses,interestExpense,depreciationAndAmortization,ebitda,ebitdaratio,operatingIncome,operatingIncomeRatio,totalOtherIncomeExpensesNet,incomeBeforeTax,incomeBeforeTaxRatio,incomeTaxExpense,netIncome,netIncomeRatio,eps,epsdiluted,weightedAverageShsOut,weightedAverageShsOutDil,link,finalLink
2020-03-31,MA,2020-04-29,2020-04-29 11:13:34,Q1,4009000000,0.0,4009000000,1.0,0.0,1494000000,154000000,304000000,1798000000,1798000000,69000000,381000000,2592000000,0.646545273135,2211000000,0.551509104515,3000000.0,1987000000,0.495634821651,294000000,1693000000,0.422299825393,1.68,1.68,1005000000,1010000000,https://www.sec.gov/Archives/edgar/data/1141391/000114139120000091/0001141391-20-000091-index.htm,https://www.sec.gov/Archives/edgar/data/1141391/000114139120000091/ma03312020-10xq.htm
2019-12-31,MA,2020-02-14,2020-02-14 09:29:40,FY,4414000000,0.0,4414000000,1.0,0.0,1579000000,290000000,436000000,2015000000,2015000000,64000000,409000000,2808000000,0.636157680109,2399000000,0.543497961033,76000000,2475000000,0.560715903942,375000000,2100000000,0.475758948799,2.08,2.07,1017000000,1022000000,https://www.sec.gov/Archives/edgar/data/1141391/000114139120000032/0001141391-20-000032-index.htm,https://www.sec.gov/Archives/edgar/data/1141391/000114139120000032/ma12312019-10xk.htm
2019-09-30,MA,2019-10-29,2019-10-29 10:17:11,Q3,4467000000,0.0,4467000000,1.0,0.0,1448000000,227000000,364000000,1812000000,1812000000,63000000,392000000,3047000000,0.682113275129,2655000000,0.594358629953,16000000,3358000000,0.751734945153,426000000,2108000000,0.47190508171,2.08,2.07,1020000000,1025000000,https://www.sec.gov/Archives/edgar/data/1141391/000114139119000150/0001141391-19-000150-index.htm,https://www.sec.gov/Archives/edgar/data/1141391/000114139119000150/ma09302019-10xq.htm
2019-06-30,MA,2019-07-30,2019-07-30 10:26:01,Q2,4113000000,0.0,4113000000,1.0,0.0,1369000000,225000000,347000000,1716000000,1716000000,51000000,400000000,2797000000,0.680038901045,2397000000,0.582786287381,122000000,1991000000,0.484074884513,471000000,2048000000,0.49793338196,2.01,2.0,1023000000,1028000000,https://www.sec.gov/Archives/edgar/data/1141391/000114139119000128/0001141391-19-000128-index.htm,https://www.sec.gov/Archives/edgar/data/1141391/000114139119000128/ma06302019-10xq.htm
2019-03-31,MA,2019-04-30,2019-04-30 10:11:52,Q1,3889000000,0.0,3889000000,1.0,0.0,1367000000,192000000,309000000,1676000000,1676000000,46000000,462000000,2675000000,0.687837490357,2213000000,0.569040884546,4000000.0,1907000000,0.490357418359,341000000,1862000000,0.478786320391,1.81,1.8,1026000000,1032000000,https://www.sec.gov/Archives/edgar/data/1141391/000114139119000076/0001141391-19-000076-index.htm,https://www.sec.gov/Archives/edgar/data/1141391/000114139119000076/ma03312019-10xq.htm
2018-12-31,MA,2019-02-13,2019-02-13 10:03:54,FY,3807000000,0.0,3807000000,1.0,0.0,1490000000,213000000,1083000000,2573000000,2573000000,47000000,463000000,1697000000,0.445757814552,1234000000,0.324139742579,-15000000,1215000000,0.31914893617,316000000,899000000,0.236143945364,0.88,0.87,1041000000,1047000000,https://www.sec.gov/Archives/edgar/data/1141391/000114139119000013/0001141391-19-000013-index.htm,https://www.sec.gov/Archives/edgar/data/1141391/000114139119000013/ma12312018-10xk.htm
2018-09-30,MA,2018-10-30,2018-10-30 10:20:31,Q3,3898000000,0.0,3898000000,1.0,0.0,1236000000,235000000,375000000,1611000000,1611000000,48000000,418000000,2705000000,0.693945613135,2287000000,0.586711133915,-6000000.0,3063000000,0.785787583376,365000000,1899000000,0.487172909184,1.83,1.82,1044000000,1050000000,https://www.sec.gov/Archives/edgar/data/1141391/000114139118000127/0001141391-18-000127-index.htm,https://www.sec.gov/Archives/edgar/data/1141391/000114139118000127/ma09302018-10xq.htm
2018-06-30,MA,2018-07-26,2018-07-26 10:13:22,Q2,3665000000,0.0,3665000000,1.0,0.0,1154000000,235000000,575000000,1729000000,1729000000,48000000,406000000,2342000000,0.639017735334,1936000000,0.528240109141,3000000.0,1310000000,0.357435197817,353000000,1569000000,0.428103683492,1.5,1.5,1047000000,1053000000,https://www.sec.gov/Archives/edgar/data/1141391/000114139118000111/0001141391-18-000111-index.htm,https://www.sec.gov/Archives/edgar/data/1141391/000114139118000111/ma06302018-10xq.htm
2018-03-31,MA,2018-05-02,2018-05-02 10:38:44,Q1,3580000000,0.0,3580000000,1.0,0.0,1294000000,224000000,461000000,1755000000,1755000000,43000000,407000000,2232000000,0.623463687151,1825000000,0.509776536313,4000000.0,1616000000,0.451396648045,311000000,1492000000,0.416759776536,1.42,1.41,1051000000,1057000000,https://www.sec.gov/Archives/edgar/data/1141391/000114139118000056/0001141391-18-000056-index.htm,https://www.sec.gov/Archives/edgar/data/1141391/000114139118000056/ma03312018-10xq.htm
2017-12-31,MA,2018-02-14,2018-02-14 12:37:09,FY,3312000000,0.0,3312000000,1.0,0.0,1364000000,311000000,426000000,1790000000,1790000000,41000000,356000000,1878000000,0.567028985507,1522000000,0.459541062802,-9000000.0,1484000000,0.44806763285,1257000000,227000000,0.068538647343,0.22,0.22,1067000000,1072000000,https://www.sec.gov/Archives/edgar/data/1141391/000114139118000009/0001141391-18-000009-index.htm,https://www.sec.gov/Archives/edgar/data/1141391/000114139118000009/ma12312017-10xk.htm
2017-09-30,MA,2017-10-31,2017-10-31 10:23:17,Q3,3398000000,0.0,3398000000,1.0,0.0,1136000000,203000000,321000000,1457000000,1457000000,35000000,383000000,2324000000,0.683931724544,1941000000,0.571218363743,11000000,1932000000,0.56856974691,502000000,1430000000,0.420835785756,1.35,1.34,1071000000,1075000000,https://www.sec.gov/Archives/edgar/data/1141391/000114139117000152/0001141391-17-000152-index.htm,https://www.sec.gov/Archives/edgar/data/1141391/000114139117000152/ma09302017-10xq.htm
2017-06-30,MA,2017-07-27,2017-07-27 10:23:14,Q2,3053000000,0.0,3053000000,1.0,0.0,1075000000,214000000,325000000,1400000000,1400000000,39000000,341000000,1994000000,0.65312807075,1653000000,0.541434654438,-25000000,1628000000,0.533245987553,451000000,1177000000,0.385522436947,1.1,1.09,1074000000,1078000000,https://www.sec.gov/Archives/edgar/data/1141391/000114139117000125/0001141391-17-000125-index.htm,https://www.sec.gov/Archives/edgar/data/1141391/000114139117000125/ma06302017-10xq.htm
2017-03-31,MA,2017-05-02,2017-05-02 10:22:18,Q1,2734000000,0.0,2734000000,1.0,0.0,951000000,170000000,277000000,1228000000,1228000000,39000000,358000000,1864000000,0.681784930505,1506000000,0.55084125823,-4000000.0,1478000000,0.540599853694,397000000,1081000000,0.395391367959,1.0,1.0,1078000000,1082000000,https://www.sec.gov/Archives/edgar/data/1141391/000114139117000063/0001141391-17-000063-index.htm,https://www.sec.gov/Archives/edgar/data/1141391/000114139117000063/ma03312017-10xq.htm
2016-12-31,MA,2017-02-15,2017-02-15 10:22:25,FY,2756000000,0.0,2756000000,1.0,0.0,983000000,308000000,410000000,1393000000,1393000000,30000000,323000000,1686000000,0.61175616836,1363000000,0.494557329463,-33000000,1311000000,0.475689404935,378000000,933000000,0.338534107402,0.86,0.86,1098000000,1101000000,https://www.sec.gov/Archives/edgar/data/1141391/000114139117000014/0001141391-17-000014-index.htm,https://www.sec.gov/Archives/edgar/data/1141391/000114139117000014/ma12312016-10xk.htm
2016-09-30,MA,2016-10-28,2016-10-28 10:27:22,Q3,2880000000,0.0,2880000000,1.0,0.0,933000000,184000000,277000000,1210000000,1210000000,23000000,326000000,1996000000,0.693055555556,1670000000,0.579861111111,-26000000,1633000000,0.567013888889,449000000,1184000000,0.411111111111,1.08,1.08,1101000000,1104000000,https://www.sec.gov/Archives/edgar/data/1141391/000114139116000235/0001141391-16-000235-index.htm,https://www.sec.gov/Archives/edgar/data/1141391/000114139116000235/ma09302016-10xq.htm
2016-06-30,MA,2016-07-28,2016-07-28 10:32:59,Q2,2694000000,0.0,2694000000,1.0,0.0,930000000,184000000,384000000,1314000000,1314000000,22000000,285000000,1665000000,0.618040089087,1380000000,0.512249443207,-3000000.0,1365000000,0.506681514477,382000000,983000000,0.364884929473,0.9,0.89,1104000000,1107000000,https://www.sec.gov/Archives/edgar/data/1141391/000114139116000207/0001141391-16-000207-index.htm,https://www.sec.gov/Archives/edgar/data/1141391/000114139116000207/ma06302016-10xq.htm
2016-03-31,MA,2016-04-28,2016-04-28 10:23:33,Q1,2446000000,0.0,2446000000,1.0,0.0,868000000,135000000,230000000,1098000000,1098000000,20000000,299000000,1647000000,0.673344235487,1348000000,0.551103843009,-1000000.0,1337000000,0.546606704824,378000000,959000000,0.392068683565,0.86,0.86,1109000000,1112000000,https://www.sec.gov/Archives/edgar/data/1141391/000114139116000135/0001141391-16-000135-index.htm,https://www.sec.gov/Archives/edgar/data/1141391/000114139116000135/ma03312016-10xq.htm
2015-12-31,MA,2016-02-12,2016-02-12 10:42:08,FY,2517000000,0.0,2517000000,1.0,0.0,998000000,319000000,685000000,1683000000,1410000000,12000000,297000000,1404000000,0.557806912992,1107000000,0.439809296782,-75000000,1025000000,0.407230830354,135000000,890000000,0.353595550258,0.79,0.79,1134000000,1137000000,https://www.sec.gov/Archives/edgar/data/1141391/000114139116000085/0001141391-16-000085-index.htm,https://www.sec.gov/Archives/edgar/data/1141391/000114139116000085/ma12312015-10xk.htm
2015-09-30,MA,2015-10-29,2015-10-29 10:29:56,Q3,2530000000,0.0,2530000000,1.0,0.0,883000000,184000000,184000000,1067000000,1161000000,15000000,296000000,1665000000,0.658102766798,1369000000,0.541106719368,-7000000.0,1352000000,0.534387351779,375000000,977000000,0.386166007905,0.87,0.87,1136000000,1139000000,https://www.sec.gov/Archives/edgar/data/1141391/000114139115000065/0001141391-15-000065-index.htm,https://www.sec.gov/Archives/edgar/data/1141391/000114139115000065/ma09302015-10xq.htm
2015-06-30,MA,2015-07-29,2015-07-29 10:34:25,Q2,2390000000,0.0,2390000000,1.0,0.0,810000000,176000000,237000000,1047000000,1139000000,17000000,266000000,1517000000,0.634728033473,1251000000,0.523430962343,1000000.0,1241000000,0.519246861925,320000000,921000000,0.385355648536,0.81,0.8,1143000000,1146000000,https://www.sec.gov/Archives/edgar/data/1141391/000114139115000044/0001141391-15-000044-index.htm,https://www.sec.gov/Archives/edgar/data/1141391/000114139115000044/ma06302015-10xq.htm
2015-03-31,MA,2015-04-29,2015-04-29 10:58:26,Q1,2230000000,0.0,2230000000,1.0,0.0,650000000,142000000,142000000,792000000,879000000,17000000,271000000,1622000000,0.72735426009,1351000000,0.605829596413,-3000000.0,1340000000,0.600896860987,320000000,1020000000,0.457399103139,0.89,0.89,1148000000,1152000000,https://www.sec.gov/Archives/edgar/data/1141391/000114139115000030/0001141391-15-000030-index.htm,https://www.sec.gov/Archives/edgar/data/1141391/000114139115000030/ma03312015-10xq.htm
2014-12-31,MA,2015-02-13,2015-02-13 10:23:56,FY,2416000000,0.0,2416000000,1.0,0.0,977000000,337000000,337000000,1314000000,1398000000,16000000,775000000,1793000000,0.742135761589,1018000000,0.421357615894,-2000000.0,2533000000,1.04842715232,206000000,801000000,0.331539735099,0.7,0.7,1165000000,1169000000,https://www.sec.gov/Archives/edgar/data/1141391/000114139115000011/0001141391-15-000011-index.htm,https://www.sec.gov/Archives/edgar/data/1141391/000114139115000011/ma12312014-10xk.htm
2014-09-30,MA,2014-10-30,2014-10-30 10:25:35,Q3,2503000000,0.0,2503000000,1.0,0.0,797000000,203000000,203000000,1000000000,1083000000,11000000,83000000,1503000000,0.60047942469,1420000000,0.56731921694,1000000.0,735000000,0.293647622853,403000000,1015000000,0.405513383939,0.88,0.87,1169000000,1172000000,https://www.sec.gov/Archives/edgar/data/1141391/000114139114000030/0001141391-14-000030-index.htm,https://www.sec.gov/Archives/edgar/data/1141391/000114139114000030/ma09302014-10xq.htm
2014-06-30,MA,2014-07-31,2014-07-31 10:38:28,Q2,2377000000,0.0,2377000000,1.0,0.0,740000000,173000000,173000000,913000000,994000000,15000000,81000000,1464000000,0.615902397981,1383000000,0.581825830879,-1000000.0,939000000,0.395035759361,442000000,931000000,0.391670172486,0.8,0.8,1175000000,1179000000,https://www.sec.gov/Archives/edgar/data/1141391/000114139114000022/0001141391-14-000022-index.htm,https://www.sec.gov/Archives/edgar/data/1141391/000114139114000022/ma06302014-10xq.htm
2014-03-31,MA,2014-05-01,2014-05-01 10:57:09,Q1,2177000000,0.0,2177000000,1.0,0.0,670000000,149000000,149000000,819000000,892000000,6000000.0,73000000,1358000000,0.623794212219,1285000000,0.590261828204,-5000000.0,872000000,0.400551217271,411000000,870000000,0.399632521819,0.73,0.73,1185000000,1189000000,https://www.sec.gov/Archives/edgar/data/1141391/000114139114000017/0001141391-14-000017-index.htm,https://www.sec.gov/Archives/edgar/data/1141391/000114139114000017/ma03312014-10xq.htm
2013-12-31,MA,2014-02-14,2014-02-14 11:26:02,FY,2126000000,0.0,2126000000,1.0,0.0,719000000,321000000,416000000,1135000000,1206000000,7000000.0,71000000,991000000,0.466133584196,920000000,0.432737535278,-10000000,681000000,0.320319849483,288000000,623000000,0.293038570085,-17.95,-17.9,1211000000,1215000000,https://www.sec.gov/Archives/edgar/data/1141391/000114139114000003/0001141391-14-000003-index.htm,https://www.sec.gov/Archives/edgar/data/1141391/000114139114000003/ma12312013-10xk.htm
2013-09-30,MA,2013-10-31,2013-10-31 10:37:31,Q3,2218000000,0.0,2218000000,1.0,0.0,701000000,205000000,205000000,906000000,970000000,-3000000.0,64000000,1312000000,0.591523895401,1248000000,0.562669071235,6000000.0,1014000000,0.457168620379,375000000,879000000,0.396302975654,7.29,7.27,121000000,122000000,https://www.sec.gov/Archives/edgar/data/1141391/000114139113000014/0001141391-13-000014-index.htm,https://www.sec.gov/Archives/edgar/data/1141391/000114139113000014/ma09302013-10xq.htm
2013-06-30,MA,2013-07-31,2013-07-31 10:49:51,Q2,2096000000,0.0,2096000000,1.0,0.0,621000000,186000000,186000000,807000000,868000000,5000000.0,61000000,1289000000,0.614980916031,1228000000,0.585877862595,5000000.0,436000000,0.208015267176,385000000,848000000,0.404580152672,6.98,6.96,122000000,122000000,https://www.sec.gov/Archives/edgar/data/1141391/000114139113000011/0001141391-13-000011-index.htm,https://www.sec.gov/Archives/edgar/data/1141391/000114139113000011/ma06302013-10xq.htm
2013-03-31,MA,2013-05-01,2013-05-01 10:43:22,Q1,1906000000,0.0,1906000000,1.0,0.0,608000000,129000000,129000000,737000000,799000000,5000000.0,62000000,1169000000,0.61332633788,1107000000,0.580797481637,-8000000.0,1102000000,0.578174186779,336000000,766000000,0.401888772298,6.25,6.23,123000000,123000000,https://www.sec.gov/Archives/edgar/data/1141391/000114139113000007/0001141391-13-000007-index.htm,https://www.sec.gov/Archives/edgar/data/1141391/000114139113000007/ma03312013-10xq.htm
2012-12-31,MA,2013-02-14,2013-02-14 17:02:29,FY,1895000000,0.0,1895000000,1.0,0.0,639000000,295000000,295000000,934000000,996000000,7000000.0,62000000,961000000,0.507124010554,899000000,0.474406332454,-8000000.0,894000000,0.471767810026,289000000,605000000,0.31926121372,4.89,4.87,125000000,126000000,https://www.sec.gov/Archives/edgar/data/1141391/000114139113000003/0001141391-13-000003-index.htm,https://www.sec.gov/Archives/edgar/data/1141391/000114139113000003/ma12312012-10xk.htm
2012-09-30,MA,2012-10-31,2012-10-31 11:55:59,Q3,1918000000,0.0,1918000000,1.0,0.0,620000000,176000000,176000000,796000000,854000000,4000000.0,58000000,1122000000,0.584984358707,1064000000,0.554744525547,2000000.0,1066000000,0.555787278415,294000000,772000000,0.402502606882,6.18,6.16,126000000,126000000,https://www.sec.gov/Archives/edgar/data/1141391/000114139112000012/0001141391-12-000012-index.htm,https://www.sec.gov/Archives/edgar/data/1141391/000114139112000012/ma09302012-10xq.htm
2012-06-30,MA,2012-08-01,2012-08-01 10:42:40,Q2,1820000000,0.0,1820000000,1.0,0.0,591000000,179000000,199000000,790000000,846000000,3000000.0,56000000,1030000000,0.565934065934,974000000,0.535164835165,-7000000.0,973000000,0.534615384615,273000000,700000000,0.384615384615,5.57,5.55,126000000,127000000,https://www.sec.gov/Archives/edgar/data/1141391/000114139112000010/0001141391-12-000010-index.htm,https://www.sec.gov/Archives/edgar/data/1141391/000114139112000010/ma06302012-10xq.htm
2012-03-31,MA,2012-05-02,2012-05-02 10:45:44,Q1,1758000000,0.0,1758000000,1.0,0.0,579000000,125000000,125000000,704000000,758000000,6000000.0,54000000,1054000000,0.599544937429,1000000000,0.568828213879,-4000000.0,999000000,0.568259385666,318000000,682000000,0.387940841866,5.38,5.36,127000000,127000000,https://www.sec.gov/Archives/edgar/data/1141391/000114139112000006/0001141391-12-000006-index.htm,https://www.sec.gov/Archives/edgar/data/1141391/000114139112000006/ma03312012-10xq.htm
2011-12-31,MA,2012-02-16,2012-02-16 12:23:37,FY,1728000000,0.0,1728000000,1.0,0.0,597000000,319000000,1089000000,1686000000,1738000000,7000000.0,52000000,42000000,0.0243055555556,-10000000,-0.005787037037037037,-7000000.0,-12000000,-0.006944444444444444,-30000000,19000000,0.0109953703704,0.19,0.19,128000000,128000000,https://www.sec.gov/Archives/edgar/data/1141391/000114139112000003/0001141391-12-000003-index.htm,https://www.sec.gov/Archives/edgar/data/1141391/000114139112000003/ma12312011-10xk.htm
2011-09-30,MA,2011-11-02,2011-11-02 11:28:29,Q3,1818000000,0.0,1818000000,1.0,0.0,565000000,200000000,200000000,765000000,816000000,6000000.0,51000000,1053000000,0.579207920792,1002000000,0.551155115512,28000000,1030000000,0.566556655666,314000000,717000000,0.394389438944,5.63,5.61,128000000,129000000,https://www.sec.gov/Archives/edgar/data/1141391/000114139111000005/0001141391-11-000005-index.htm,https://www.sec.gov/Archives/edgar/data/1141391/000114139111000005/ma9302011-10xq.htm
2011-06-30,MA,2011-08-03,2011-08-03 13:25:57,Q2,1667000000,0.0,1667000000,1.0,0.0,540000000,193000000,193000000,733000000,782000000,2000000.0,49000000,934000000,0.560287942412,885000000,0.530893821236,7000000.0,892000000,0.535092981404,284000000,608000000,0.364727054589,4.77,4.76,129000000,129000000,https://www.sec.gov/Archives/edgar/data/1141391/000119312511207804/0001193125-11-207804-index.htm,https://www.sec.gov/Archives/edgar/data/1141391/000119312511207804/d10q.htm
2011-03-31,MA,2011-05-03,2011-05-03 10:45:41,Q1,1501000000,0.0,1501000000,1.0,0.0,494000000,129000000,129000000,623000000,665000000,10000000,42000000,878000000,0.584943371086,836000000,0.556962025316,-2000000.0,836000000,0.556962025316,274000000,562000000,0.374417055296,4.31,4.29,130000000,131000000,https://www.sec.gov/Archives/edgar/data/1141391/000119312511123143/0001193125-11-123143-index.htm,https://www.sec.gov/Archives/edgar/data/1141391/000119312511123143/d10q.htm
2010-12-31,MA,2011-02-24,2011-02-24 11:04:57,FY,1438000000,0.0,1438000000,1.0,0.0,518000000,305000000,305000000,823000000,869000000,9000000.0,42000000,611000000,0.424895688456,569000000,0.395688456189,13000000,582000000,0.404728789986,167000000,415000000,0.28859527121,3.17,3.16,131000000,131000000,https://www.sec.gov/Archives/edgar/data/1141391/000119312511044721/0001193125-11-044721-index.htm,https://www.sec.gov/Archives/edgar/data/1141391/000119312511044721/d10k.htm
2010-09-30,MA,2010-11-02,2010-11-02 12:19:52,Q3,1428000000,0.0,1428000000,1.0,0.0,443000000,182000000,182000000,625000000,662000000,11000000,36000000,802000000,0.56162464986,766000000,0.536414565826,1000000.0,767000000,0.537114845938,248000000,518000000,0.362745098039,3.96,3.94,131000000,131000000,https://www.sec.gov/Archives/edgar/data/1141391/000119312510243917/0001193125-10-243917-index.htm,https://www.sec.gov/Archives/edgar/data/1141391/000119312510243917/d10q.htm
2010-06-30,MA,2010-08-03,2010-08-03 11:00:59,Q2,1365000000,0.0,1365000000,1.0,0.0,433000000,180000000,180000000,613000000,648000000,17000000,35000000,752000000,0.550915750916,717000000,0.525274725275,-4000000.0,713000000,0.522344322344,255000000,458000000,0.335531135531,3.5,3.49,131000000,131000000,https://www.sec.gov/Archives/edgar/data/1141391/000119312510174782/0001193125-10-174782-index.htm,https://www.sec.gov/Archives/edgar/data/1141391/000119312510174782/d10q.htm
2010-03-31,MA,2010-05-04,2010-05-04 14:50:06,Q1,1308000000,0.0,1308000000,1.0,0.0,458000000,115000000,115000000,573000000,608000000,15000000,35000000,735000000,0.561926605505,700000000,0.535168195719,-5000000.0,695000000,0.531345565749,240000000,455000000,0.347859327217,3.47,3.46,130000000,131000000,https://www.sec.gov/Archives/edgar/data/1141391/000119312510106305/0001193125-10-106305-index.htm,https://www.sec.gov/Archives/edgar/data/1141391/000119312510106305/d10q.htm
2009-12-31,MA,2010-02-18,2010-02-18 13:20:56,FY,1298418000,0.0,1298418000,1.0,0.0,506660000,285205000,130415000,939987000,939987000,23442000,38427000,506553000,0.3901309131573962,468126000,0.360535667250454,-2353000.0,458333000,0.35299341198288997,163938000,294395000,0.22673360966961334,11.19,11.19,129838000,129838000,https://www.sec.gov/Archives/edgar/data/1141391/000119312510034065/0001193125-10-034065-index.htm,https://www.sec.gov/Archives/edgar/data/1141391/000119312510034065/d10k.htm
2009-09-30,MA,2009-11-03,2009-11-03 15:59:24,Q3,1364275000,0.0,1364275000,1.0,0.0,474457000,173828000,-49501000,581077000,581077000,24098000,36242000,709745000,0.5202360227959906,673503000,0.49367099741621007,13324000,673394000,0.4935911015007971,221254000,452140000,0.3314141210533067,8.95,8.95,129773000,129773000,https://www.sec.gov/Archives/edgar/data/1141391/000119312509222058/0001193125-09-222058-index.htm,https://www.sec.gov/Archives/edgar/data/1141391/000119312509222058/d10q.htm
2009-06-30,MA,2009-07-31,2009-07-30 17:59:46,Q2,1279889000,0.0,1279889000,1.0,0.0,506004000,180478000,36221000,722703000,722703000,31771000,35721000,592907000,0.46324876610393556,557186000,0.43533931458118635,-2599000.0,536446000,0.4191347843445799,187567000,348879000,0.27258535701142833,5.49,5.49,129689000,129689000,https://www.sec.gov/Archives/edgar/data/1141391/000119312509159733/0001193125-09-159733-index.htm,https://www.sec.gov/Archives/edgar/data/1141391/000119312509159733/d10q.htm
2009-03-31,MA,2009-05-01,2009-05-01 12:03:11,Q1,1156102000,0.0,1156102000,1.0,0.0,447853000,115969000,30987000,594809000,594809000,35798000,30987000,592280000,0.5123077375525689,561293000,0.48550473920121234,6982000.0,549878000,0.47563104293565794,182668000,367210000,0.31762768337049846,2.81,2.81,129636000,129636000,https://www.sec.gov/Archives/edgar/data/1141391/000119312509095754/0001193125-09-095754-index.htm,https://www.sec.gov/Archives/edgar/data/1141391/000119312509095754/d10q.htm
2008-12-31,MA,2009-02-19,2009-02-19 16:06:14,FY,1224834000,0.0,1224834000,1.0,0.0,478590000,247838000,36050000,762478000,762478000,36525000,-81956000,380400000,0.3105726980145881,462356000,0.377484622405975,-597000.0,445060000,0.36336352517973863,205618000,239442000,0.19548934794429285,-1.95,-1.95,130148000,130148000,https://www.sec.gov/Archives/edgar/data/1141391/000119312509033062/0001193125-09-033062-index.htm,https://www.sec.gov/Archives/edgar/data/1141391/000119312509033062/d10k.htm
2008-09-30,MA,2008-11-04,2008-11-03 20:36:14,Q3,1338178000,0.0,1338178000,1.0,0.0,493740000,267460000,856242000,1617442000,1617442000,36319000,28742000,-250522000,-0.1872112678582371,-279264000,-0.20868972588101134,-715000.0,-293672000,-0.21945660442781154,-100090000,-193582000,-0.14466087471173492,-3.79,-3.79,130342000,130342000,https://www.sec.gov/Archives/edgar/data/1141391/000119312508223286/0001193125-08-223286-index.htm,https://www.sec.gov/Archives/edgar/data/1141391/000119312508223286/d10q.htm
2008-06-30,MA,2008-08-01,2008-07-31 19:38:54,Q2,1246504000,0.0,1246504000,1.0,0.0,941349000,303064000,1235295000,2479708000,2479708000,15438000,27950000,-1205254000,-0.9669074467470622,-1233204000,-0.9893301585875376,-225000.0,-1223182000,-0.9812900720735753,-476529000,-746653000,-0.5989976767022007,-2.29,-2.29,130750000,130750000,https://www.sec.gov/Archives/edgar/data/1141391/000119312508162893/0001193125-08-162893-index.htm,https://www.sec.gov/Archives/edgar/data/1141391/000119312508162893/d10q.htm
2008-03-31,MA,2008-04-29,2008-04-29 14:56:45,Q1,1182084000,0.0,1182084000,1.0,0.0,0.0,199213000,467264000,666477000,666477000,15318000,25264000,540871000,0.457557161758386,515607000,0.43618473814043673,73522000,688581000,0.5825144405981301,241703000,446878000,0.37804250797743644,3.4,3.4,131426000,131426000,https://www.sec.gov/Archives/edgar/data/1141391/000119312508094825/0001193125-08-094825-index.htm,https://www.sec.gov/Archives/edgar/data/1141391/000119312508094825/d10q.htm
2007-12-31,MA,2008-02-21,2008-02-20 20:44:14,FY,1072687000,0.0,1072687000,1.0,0.0,495550000,1080057000,-674976000,900631000,900631000,15313000,26152000,198208000,0.18477710646255618,172056000,0.1603972081324748,-1071000.0,467036000,0.43538888790485947,162803000,304233000,0.2836176815790627,8.05,8.05,134887000,134887000,https://www.sec.gov/Archives/edgar/data/1141391/000119312508034694/0001193125-08-034694-index.htm,https://www.sec.gov/Archives/edgar/data/1141391/000119312508034694/d10k.htm
2007-09-30,MA,2007-10-31,2007-10-31 12:04:33,Q3,1082850000,0.0,1082850000,1.0,0.0,432848000,0.0,296699000,729547000,729547000,16438000,22274000,375577000,0.3468412060765572,353303000,0.3262714133998245,-879000.0,482308000,0.44540610426190147,167846000,314462000,0.2904021794339013,5.76,5.76,135687000,135687000,https://www.sec.gov/Archives/edgar/data/1141391/000119312507230733/0001193125-07-230733-index.htm,https://www.sec.gov/Archives/edgar/data/1141391/000119312507230733/d10q.htm
2007-06-30,MA,2007-08-01,2007-08-01 12:18:19,Q2,996959000,0.0,996959000,1.0,0.0,431464000,0.0,296680000,728144000,728144000,11170000,25028000,293843000,0.29473930221804506,268815000,0.2696349599130957,92187000,386298000,0.38747631547536054,134013000,252285000,0.2530545388526509,3.44,3.44,135856000,135856000,https://www.sec.gov/Archives/edgar/data/1141391/000119312507167745/0001193125-07-167745-index.htm,https://www.sec.gov/Archives/edgar/data/1141391/000119312507167745/d10q.htm
2007-03-31,MA,2007-05-02,2007-05-02 14:38:54,Q1,915103000,0.0,915103000,1.0,0.0,398526000,0.0,202639000,601165000,601165000,14356000,24188000,338126000,0.3694950185935354,313938000,0.3430630213210972,-40000.0,335790000,0.3669423004842078,120884000,214906000,0.23484350941915827,1.58,1.58,135847000,135847000,https://www.sec.gov/Archives/edgar/data/1141391/000119312507099303/0001193125-07-099303-index.htm,https://www.sec.gov/Archives/edgar/data/1141391/000119312507099303/d10q.htm
2006-12-31,MA,2007-02-28,2007-02-28 14:20:59,FY,839163000,0.0,839163000,1.0,0.0,399304000,1051870000,-657999000,793175000,793175000,17686000,24730000,70718000,0.08427206633276253,45988000,0.054802225550935876,531000.0,69738000,0.08310423600659228,28836000,40902000,0.048741424490831936,0.37,0.37,135411000,135411000,https://www.sec.gov/Archives/edgar/data/1141391/000119312507042384/0001193125-07-042384-index.htm,https://www.sec.gov/Archives/edgar/data/1141391/000119312507042384/d10k.htm
2006-09-30,MA,2006-11-01,2006-11-01 13:59:03,Q3,901969000,0.0,901969000,1.0,0.0,392883000,0.0,234326000,627209000,627209000,16757000,25139000,299899000,0.33249368880748675,274760000,0.30462244267818517,-292000.0,292109000,0.3238570283457635,99105000,193004000,0.213980746566678,0.07,0.07,135312000,135312000,https://www.sec.gov/Archives/edgar/data/1141391/000119312506220409/0001193125-06-220409-index.htm,https://www.sec.gov/Archives/edgar/data/1141391/000119312506220409/d10q.htm
2006-06-30,MA,2006-08-02,2006-08-02 15:28:47,Q2,846489000,0.0,846489000,1.0,0.0,365161000,0.0,755294000,1120455000,1120455000,16068000,39263000,-234703000,-0.27726645000702904,-273966000,-0.3236498052544097,443000.0,-260592000,-0.30785042688091635,49868000,-310460000,-0.36676200163262607,-1.36,-1.36,135127000,135127000,https://www.sec.gov/Archives/edgar/data/1141391/000119312506159221/0001193125-06-159221-index.htm,https://www.sec.gov/Archives/edgar/data/1141391/000119312506159221/d10q.htm
2006-03-31,MA,2006-05-02,2006-05-02 16:45:07,Q1,738453000,0.0,738453000,1.0,0.0,347837000,0.0,207903000,555740000,555740000,10640000,10650000,193363000,0.2618487567929171,182713000,0.2474267150380593,152000.0,192917000,0.26124479147623475,66173000,126744000,0.17163448452372732,1.27,1.27,100000000,100000000,https://www.sec.gov/Archives/edgar/data/1141391/000119312506096833/0001193125-06-096833-index.htm,https://www.sec.gov/Archives/edgar/data/1141391/000119312506096833/d10q.htm
2005-12-31,MA,2006-03-16,2006-03-16 13:25:32,FY,715918000,0.0,715918000,1.0,0.0,375215000,0.0,439361000,814576000,814576000,18252000,10941000,-87717000,-0.12252380859260419,-98658000,-0.13780628507734127,7363000.0,-88208000,-0.12320964132763808,-35300000,-52908000,-0.07390231842194218,2.67,2.67,100000000,100000000,https://www.sec.gov/Archives/edgar/data/1141391/000119312506056300/0001193125-06-056300-index.htm,https://www.sec.gov/Archives/edgar/data/1141391/000119312506056300/d10k.htm
2005-09-30,MA,2005-11-03,2005-11-02 18:56:58,Q3,791605000,0.0,791605000,1.0,0.0,350064000,0.0,293648000,643712000,643712000,17573000,11172000,159065000,0.20093986268404065,147893000,0.18682676334788184,17561000,163957000,0.2071197124828671,57872000,106085000,0.13401254413501684,3.2,3.2,100000000,100000000,https://www.sec.gov/Archives/edgar/data/1141391/000119312505214545/0001193125-05-214545-index.htm,https://www.sec.gov/Archives/edgar/data/1141391/000119312505214545/d10q.htm
2005-06-30,MA,2005-08-05,2005-08-05 09:47:05,Q2,771867000,0.0,771867000,1.0,0.0,319187000,0.0,260244000,579431000,579431000,17477000,11997000,204433000,0.26485521469372314,192436000,0.24931238153723376,-989000.0,187394000,0.24278016808595262,67146000,120248000,0.15578849724110502,2.14,2.14,100000000,100000000,https://www.sec.gov/Archives/edgar/data/1141391/000095012305009470/0000950123-05-009470-index.htm,https://www.sec.gov/Archives/edgar/data/1141391/000095012305009470/y11299e10vq.htm
2005-03-31,MA,2005-05-09,2005-05-09 15:28:23,Q1,658238000,0.0,658238000,1.0,0.0,306616000,0.0,200109000,506725000,506725000,16856000,12194000,163707000,0.2487048757440318,151513000,0.2301796614598367,-490000.0,144195000,0.21906210215757826,50901000,93294000,0.14173292942674232,0.93,0.93,100000000,100000000,https://www.sec.gov/Archives/edgar/data/1141391/000095012305005893/0000950123-05-005893-index.htm,https://www.sec.gov/Archives/edgar/data/1141391/000095012305005893/y08646e10vq.htm
2004-12-31,MA,2005-03-02,2005-03-02 08:12:03,FY,683904000,0.0,683904000,1.0,0.0,339420000,0.0,364296000,703716000,703716000,17517000,12461000,-7351000.0,-0.010748584596668538,-19812000,-0.02896897810218978,368000.0,-20970000,-0.030662198203256597,-22240000,1270000.0,0.0018569857757813962,2.38,2.38,100025210,100025210,https://www.sec.gov/Archives/edgar/data/1141391/000095012305002512/0000950123-05-002512-index.htm,https://www.sec.gov/Archives/edgar/data/1141391/000095012305002512/y06000e10vk.htm
2004-09-30,MA,2004-11-09,2004-11-09 15:44:22,Q3,667841000,0.0,667841000,1.0,0.0,284923000,0.0,233367000,518290000,518290000,17792000,12379000,161930000,0.2424678928068208,149551000,0.22393204370501363,-2303000.0,140715000,0.21070134957272765,43200000,97515000,0.14601529405951416,2.37,2.37,99911392,99911392,https://www.sec.gov/Archives/edgar/data/1141391/000095012304013290/0000950123-04-013290-index.htm,https://www.sec.gov/Archives/edgar/data/1141391/000095012304013290/y67843e10vq.htm
2004-06-30,MA,2004-08-05,2004-08-05 14:49:17,Q2,647275000,0.0,647275000,1.0,0.0,284660000,0.0,264154000,548814000,548814000,16684000,13076000,111537000,0.1723177938279711,98461000,0.15211617936734773,-865000.0,90175000,0.1393148198215596,24468000,65707000,0.10151326715847206,1.39,1.39,100197841,100197841,https://www.sec.gov/Archives/edgar/data/1141391/000095012304009302/0000950123-04-009302-index.htm,https://www.sec.gov/Archives/edgar/data/1141391/000095012304009302/y99184e10vq.htm
2004-03-31,MA,2004-05-10,2004-05-10 16:57:21,Q1,594310000,0.0,594310000,1.0,0.0,276834000,0.0,199004000,475838000,475838000,17729000,13361000,131833000,0.22182531002338846,118472000,0.19934377681681278,674000.0,113780000,0.19144890713600646,40212000,73568000,0.12378724907876361,0.74,0.74,99416216,99416216,https://www.sec.gov/Archives/edgar/data/1141391/000095012304006079/0000950123-04-006079-index.htm,https://www.sec.gov/Archives/edgar/data/1141391/000095012304006079/y96999e10vq.htm
2003-12-31,MA,2004-03-04,2004-03-04 13:04:36,FY,567574000,0.0,567574000,1.0,0.0,276665000,0.0,393856000,670521000,670521000,20122000,-39285000,-142232000,-0.25059639800272737,-102947000,-0.18138075387526562,1458000.0,-107674000,-0.18970918329592265,-40546000,-67128000,-0.11827180244338183,-3.91,-3.91,98668286,98668286,https://www.sec.gov/Archives/edgar/data/1141391/000095012304002820/0000950123-04-002820-index.htm,https://www.sec.gov/Archives/edgar/data/1141391/000095012304002820/y94488e10vk.htm
2003-09-30,MA,2003-11-07,2003-11-07 15:56:06,Q3,594169000,0.0,594169000,1.0,0.0,264040000,0.0,211229000,475269000,475269000,18722000,14262000,133162000,0.224114687908659,118900000,0.2001114161122509,-4674000.0,111440000,0.1875560656984797,37041000,74399000,0.12521521654613418,-3.24,-3.24,98353395,98353395,https://www.sec.gov/Archives/edgar/data/1141391/000095012303012321/0000950123-03-012321-index.htm,https://www.sec.gov/Archives/edgar/data/1141391/000095012303012321/y91250e10vq.htm
2003-06-30,MA,2003-08-08,2003-08-08 11:17:54,Q2,556893000,0.0,556893000,1.0,0.0,280955000,0.0,225993000,506948000,506948000,18748000,12950000,62895000,0.11293911038565757,49945000,0.08968509210925618,-2749000.0,49982000,0.08975153216147447,17655000,32327000,0.0580488531908284,-3.98,-3.98,98759798,98759798,https://www.sec.gov/Archives/edgar/data/1141391/000095012303009118/0000950123-03-009118-index.htm,https://www.sec.gov/Archives/edgar/data/1141391/000095012303009118/y87371e10vq.htm
2003-03-31,MA,2003-05-14,2003-05-14 16:28:03,Q1,512215000,0.0,512215000,1.0,0.0,276892000,0.0,903083000,1179975000,1179975000,5344000.0,12193000,-655567000,-1.2798668527864276,-667760000,-1.3036713098991635,2492000.0,-665268000,-1.2988061653797722,-234928000,-425391000,-0.8304930546743067,-4.25,-4.25,100092000,100092000,https://www.sec.gov/Archives/edgar/data/1141391/000095012303005939/0000950123-03-005939-index.htm,https://www.sec.gov/Archives/edgar/data/1141391/000095012303005939/y84421e10vq.htm
2002-12-31,MA,2003-03-07,2003-03-07 17:15:58,FY,509235000,0.0,509235000,1.0,0.0,302170000,0.0,322668000,624838000,624838000,2233000.0,12249000,-103354000,-0.2029593409722427,-115603000,-0.22701306862254167,-3988000.0,-105071000,-0.2063310652252889,-53585000,-51486000,-0.10110459807358096,1.35,1.35,86243703,86243703,https://www.sec.gov/Archives/edgar/data/1141391/000095012303002592/0000950123-03-002592-index.htm,https://www.sec.gov/Archives/edgar/data/1141391/000095012303002592/y83303e10vk.htm
2002-09-30,MA,2002-11-14,2002-11-14 16:50:26,Q3,541978000,0.0,541978000,1.0,0.0,248068000,0.0,167383000,415451000,415451000,3121000.0,11321000,137848000,0.25434242718339123,126527000,0.2334541254442062,5743000.0,123056000,0.2270498064497083,45126000,77930000,0.14378812424120535,2.06,2.06,81512135,81512135,https://www.sec.gov/Archives/edgar/data/1141391/000095012302010954/0000950123-02-010954-index.htm,https://www.sec.gov/Archives/edgar/data/1141391/000095012302010954/y64834e10vq.htm
