date,symbol,fillingDate,acceptedDate,period,revenue,costOfRevenue,grossProfit,grossProfitRatio,researchAndDevelopmentExpenses,generalAndAdministrativeExpenses,sellingAndMarketingExpenses,otherExpenses,operatingExpenses,costAndExpenses,interestExpense,depreciationAndAmortization,ebitda,ebitdaratio,operatingIncome,operatingIncomeRatio,totalOtherIncomeExpensesNet,incomeBeforeTax,incomeBeforeTaxRatio,incomeTaxExpense,netIncome,netIncomeRatio,eps,epsdiluted,weightedAverageShsOut,weightedAverageShsOutDil,link,finalLink
2020-03-31,MCD,2020-05-07,2020-05-07 13:33:15,Q1,4714400000,554200000,4160200000,0.8824452740539623,0.0,0.0,0.0,2276100000,2276100000,3020800000,0.0,421300000,2114900000,0.44860427626,1693600000,0.359239776005,31300000,1444900000,0.306486509418,338000000,1106900000,0.234791277787,1.49,1.47,744800000,750700000,https://www.sec.gov/Archives/edgar/data/63908/000006390820000042/0000063908-20-000042-index.htm,https://www.sec.gov/Archives/edgar/data/63908/000006390820000042/mcd-3312020x10q.htm
2019-12-31,MCD,2020-02-26,2020-02-26 11:58:02,FY,5349000000,2980000000,2369000000,0.4428865208450178,0.0,653600000,0.0,-5300000000,-6875000000,3056400000,283000000,413600000,2706200000,0.505926341372,2292600000,0.428603477285,17200000,2026800000,0.378911946158,454600000,1572200000,0.293924097962,2.1,2.08,758100000,764900000,https://www.sec.gov/Archives/edgar/data/63908/000006390820000022/0000063908-20-000022-index.htm,https://www.sec.gov/Archives/edgar/data/63908/000006390820000022/mcd-12312019x10k.htm
2019-09-30,MCD,2019-11-04,2019-11-04 12:05:50,Q3,5430600000,559500000,4871100000,0.8969727101977683,0.0,543600000,0.0,2017200000,2560800000,3021300000,280600000,413400000,2822700000,0.519776820241,2409300000,0.443652635068,23500000,2152200000,0.396309800022,544300000,1607900000,0.296081464295,2.12,2.11,761100000,768100000,https://www.sec.gov/Archives/edgar/data/63908/000006390819000085/0000063908-19-000085-index.htm,https://www.sec.gov/Archives/edgar/data/63908/000006390819000085/mcd-9302019x10q.htm
2019-06-30,MCD,2019-08-06,2019-08-06 15:35:56,Q2,5341300000,1077800000,4263500000,0.7982139179600471,0.0,533100000,0.0,1944600000,2477700000,3067400000,284200000,398300000,2672200000,0.500290191526,2273900000,0.425720330257,18100000,2007800000,0.375900997884,490900000,1516900000,0.283994533166,1.99,1.97,763300000,770200000,https://www.sec.gov/Archives/edgar/data/63908/000006390819000062/0000063908-19-000062-index.htm,https://www.sec.gov/Archives/edgar/data/63908/000006390819000062/mcd-6302019x10q.htm
2019-03-31,MCD,2019-05-08,2019-05-08 16:37:59,Q1,4955600000,0.0,4955600000,1.0,0.0,499100000,0.0,1943000000,2442100000,2861600000,274100000,392600000,2486600000,0.501775768827,2094000000,0.422552264105,11400000,1831300000,0.369541528776,502900000,1328400000,0.26806037614,1.74,1.72,764900000,771600000,https://www.sec.gov/Archives/edgar/data/63908/000006390819000039/0000063908-19-000039-index.htm,https://www.sec.gov/Archives/edgar/data/63908/000006390819000039/mcd-3312019x10q.htm
2018-12-31,MCD,2019-02-22,2019-02-22 09:48:25,FY,5163000000,3153000000,2010000000,0.389308541545613,0.0,609800000,0.0,2553000000,3163000000,3163500000,254100000,379000000,2378500000,0.460681774162,1999500000,0.387274840209,6000000.0,1751400000,0.339221382917,336100000,1415300000,0.274123571567,1.84,1.82,778200000,785600000,https://www.sec.gov/Archives/edgar/data/63908/000006390819000010/0000063908-19-000010-index.htm,https://www.sec.gov/Archives/edgar/data/63908/000006390819000010/mcd-12312018x10k.htm
2018-09-30,MCD,2018-11-01,2018-11-01 12:52:42,Q3,5369400000,0.0,5369400000,1.0,0.0,515200000,0.0,2158700000,2673900000,2951700000,250100000,375100000,2792800000,0.52013260327,2417700000,0.450273773606,-111000000,2158700000,0.402037471598,521400000,1637300000,0.304931649719,2.11,2.1,781200000,788500000,https://www.sec.gov/Archives/edgar/data/63908/000006390818000064/0000063908-18-000064-index.htm,https://www.sec.gov/Archives/edgar/data/63908/000006390818000064/mcd-9302018x10q.htm
2018-06-30,MCD,2018-08-02,2018-08-02 16:16:54,Q2,5353900000,0.0,5353900000,1.0,0.0,542100000,0.0,2195400000,2737500000,3091600000,240200000,365000000,2627300000,0.490726386373,2262300000,0.42255178468,-65000000,2018100000,0.376940174452,521800000,1496300000,0.279478510992,1.92,1.9,785400000,793000000,https://www.sec.gov/Archives/edgar/data/63908/000006390818000049/0000063908-18-000049-index.htm,https://www.sec.gov/Archives/edgar/data/63908/000006390818000049/mcd-6302018x10q.htm
2018-03-31,MCD,2018-05-08,2018-05-08 11:54:40,Q1,5138900000,0.0,5138900000,1.0,0.0,533100000,0.0,2279400000,2812500000,2995800000,236800000,362900000,2506000000,0.487652999669,2143100000,0.417034773979,-148000000,1887900000,0.367374340812,512500000,1375400000,0.267644826714,1.74,1.72,790900000,798700000,https://www.sec.gov/Archives/edgar/data/63908/000006390818000025/0000063908-18-000025-index.htm,https://www.sec.gov/Archives/edgar/data/63908/000006390818000025/mcd-3312018x10q.htm
2017-12-31,MCD,2018-02-23,2018-02-23 12:45:01,FY,5340200000,4033000000,1307200000,0.24478483951911914,0.0,617600000,0.0,2578000000,3196000000,3196000000,235100000,342800000,2487000000,0.465712894648,2144200000,0.401520542302,-97000000,1885100000,0.353001760234,1186400000,698700000,0.130837796337,0.89,0.89,807400000,815500000,https://www.sec.gov/Archives/edgar/data/63908/000006390818000010/0000063908-18-000010-index.htm,https://www.sec.gov/Archives/edgar/data/63908/000006390818000010/mcd-12312017x10k.htm
2017-09-30,MCD,2017-11-02,2017-11-02 12:45:45,Q3,5754600000,0.0,5754600000,1.0,0.0,567000000,0.0,3308700000,3875700000,2675200000,236700000,355800000,3435200000,0.596948528134,3079400000,0.535119730303,-828000000,2819500000,0.489955861398,935800000,1883700000,0.327338129496,2.34,2.31,811800000,819400000,https://www.sec.gov/Archives/edgar/data/63908/000006390817000053/0000063908-17-000053-index.htm,https://www.sec.gov/Archives/edgar/data/63908/000006390817000053/mcd-9302017x10q.htm
2017-06-30,MCD,2017-08-08,2017-08-08 11:23:46,Q2,6049700000,0.0,6049700000,1.0,0.0,525400000,0.0,3015400000,3540800000,3754600000,230900000,339500000,2634600000,0.435492669058,2295100000,0.379374183844,-113000000,2061400000,0.340744169132,666300000,1395100000,0.230606476354,1.72,1.7,815200000,822300000,https://www.sec.gov/Archives/edgar/data/63908/000006390817000039/0000063908-17-000039-index.htm,https://www.sec.gov/Archives/edgar/data/63908/000006390817000039/mcd-6302017x10q.htm
2017-03-31,MCD,2017-05-08,2017-05-08 16:10:35,Q1,5675900000,0.0,5675900000,1.0,0.0,521300000,0.0,2942300000,3463600000,3641900000,218600000,325300000,2359300000,0.415669761624,2034000000,0.358357264927,-125000000,1807500000,0.31845169929,592700000,1214800000,0.214027731285,1.48,1.47,818800000,825200000,https://www.sec.gov/Archives/edgar/data/63908/000006390817000025/0000063908-17-000025-index.htm,https://www.sec.gov/Archives/edgar/data/63908/000006390817000025/mcd-3312017x10q.htm
2016-12-31,MCD,2017-03-01,2017-03-01 12:16:56,FY,6028900000,4896000000,1132900000,0.18791155932259615,0.0,627500000,0.0,3433000000,4060000000,4059900000,221200000,378900000,2347900000,0.389440859858,1969000000,0.326593574284,-39000000,1734900000,0.287763937037,541500000,1193400000,0.197946557415,1.45,1.43,854400000,861200000,https://www.sec.gov/Archives/edgar/data/63908/000006390817000017/0000063908-17-000017-index.htm,https://www.sec.gov/Archives/edgar/data/63908/000006390817000017/mcd-12312016x10k.htm
2016-09-30,MCD,2016-11-04,2016-11-03 19:05:57,Q3,6424100000,0.0,6424100000,1.0,0.0,582900000,0.0,3212700000,3795600000,4286800000,221400000,370600000,2507900000,0.390389315235,2137300000,0.332700300431,27000000,1904500000,0.296461761181,629100000,1275400000,0.198533646737,1.51,1.5,864700000,871800000,https://www.sec.gov/Archives/edgar/data/63908/000006390816000161/0000063908-16-000161-index.htm,https://www.sec.gov/Archives/edgar/data/63908/000006390816000161/mcd-9302016x10q.htm
2016-06-30,MCD,2016-08-04,2016-08-04 14:37:27,Q2,6265000000,0.0,6265000000,1.0,0.0,596100000,0.0,3116100000,3712200000,4407100000,223900000,383300000,2241200000,0.357733439745,1857900000,0.296552274541,16200000,1650200000,0.263399840383,531100000,1119100000,0.178627294493,1.29,1.28,876400000,883800000,https://www.sec.gov/Archives/edgar/data/63908/000006390816000142/0000063908-16-000142-index.htm,https://www.sec.gov/Archives/edgar/data/63908/000006390816000142/mcd-6302016x10q.htm
2016-03-31,MCD,2016-05-06,2016-05-06 10:08:50,Q1,5903900000,0.0,5903900000,1.0,0.0,578000000,0.0,3220100000,3798100000,4123600000,218300000,383700000,2164000000,0.366537373601,1780300000,0.301546435407,14400000,1576400000,0.26700994258,477800000,1098600000,0.18608038754,1.24,1.23,888900000,894900000,https://www.sec.gov/Archives/edgar/data/63908/000006390816000121/0000063908-16-000121-index.htm,https://www.sec.gov/Archives/edgar/data/63908/000006390816000121/mcd-3312016x10q.htm
2015-12-31,MCD,2016-02-25,2016-02-25 15:46:10,FY,6341300000,5552000000,789300000,0.12446974595114567,0.0,675100000,0.0,3786000000,4461000000,4460900000,180900000,389700000,2270100000,0.35798653273,1880400000,0.296532256793,11300000,1710800000,0.269786952202,504600000,1206200000,0.190213363191,1.31,1.31,939400000,944600000,https://www.sec.gov/Archives/edgar/data/63908/000006390816000103/0000063908-16-000103-index.htm,https://www.sec.gov/Archives/edgar/data/63908/000006390816000103/mcd-12312015x10k.htm
2015-09-30,MCD,2015-11-04,2015-11-04 10:43:52,Q3,6615100000,0.0,6615100000,1.0,0.0,584000000,0.0,3630700000,4214700000,4584800000,160900000,387700000,2418000000,0.365527354084,2030300000,0.306919018609,9000000.0,1878400000,0.283956402775,569200000,1309200000,0.19791084035,1.41,1.4,947900000,952700000,https://www.sec.gov/Archives/edgar/data/63908/000006390815000081/0000063908-15-000081-index.htm,https://www.sec.gov/Archives/edgar/data/63908/000006390815000081/mcd-9302015x10q.htm
2015-06-30,MCD,2015-08-05,2015-08-05 11:29:14,Q2,6497700000,0.0,6497700000,1.0,0.0,592400000,0.0,3547600000,4140000000,4648400000,149200000,392200000,2241500000,0.344968219524,1849300000,0.284608399895,12300000,1712400000,0.263539406251,510000000,1202400000,0.185050094649,1.26,1.25,956900000,961700000,https://www.sec.gov/Archives/edgar/data/63908/000006390815000065/0000063908-15-000065-index.htm,https://www.sec.gov/Archives/edgar/data/63908/000006390815000065/mcd-6302015x10q.htm
2015-03-31,MCD,2015-05-07,2015-05-07 12:13:05,Q1,5958900000,0.0,5958900000,1.0,0.0,582800000,0.0,3121600000,3704400000,4573400000,147300000,386100000,1771600000,0.297303193542,1385500000,0.232509355754,15900000,1254100000,0.210458306063,442600000,811500000,0.13618285254,0.84,0.84,960600000,965500000,https://www.sec.gov/Archives/edgar/data/63908/000006390815000039/0000063908-15-000039-index.htm,https://www.sec.gov/Archives/edgar/data/63908/000006390815000039/mcd-3312015x10q.htm
2014-12-31,MCD,2015-02-24,2015-02-24 14:40:58,FY,6572200000,6129000000,443200000,0.06743556191229726,0.0,662500000,0.0,4159000000,4821000000,4820500000,147800000,407500000,2159200000,0.328535345851,1751700000,0.266531754968,59000000,1596100000,0.242856273394,498600000,1097500000,0.166991266243,1.13,1.13,980500000,986300000,https://www.sec.gov/Archives/edgar/data/63908/000006390815000016/0000063908-15-000016-index.htm,https://www.sec.gov/Archives/edgar/data/63908/000006390815000016/mcd-12312014x10k.htm
2014-09-30,MCD,2014-11-03,2014-11-03 11:03:15,Q3,6987100000,0.0,6987100000,1.0,0.0,575800000,0.0,3841800000,4417600000,4914600000,149300000,413400000,2485900000,0.35578423094,2072500000,0.29661805327,33000000,1921100000,0.274949549885,852700000,1068400000,0.152910363384,1.1,1.08,985200000,991100000,https://www.sec.gov/Archives/edgar/data/63908/000006390814000077/0000063908-14-000077-index.htm,https://www.sec.gov/Archives/edgar/data/63908/000006390814000077/mcd-9302014x10q.htm
2014-06-30,MCD,2014-08-04,2014-08-04 10:40:32,Q2,7181700000,0.0,7181700000,1.0,0.0,629200000,0.0,4003700000,4632900000,4992700000,137900000,413200000,2602200000,0.362337608087,2189000000,0.304802484092,20400000,2071500000,0.288441455366,684400000,1387100000,0.193143684643,1.4,1.4,988500000,994600000,https://www.sec.gov/Archives/edgar/data/63908/000006390814000059/0000063908-14-000059-index.htm,https://www.sec.gov/Archives/edgar/data/63908/000006390814000059/mcd-6302014x10q.htm
2014-03-31,MCD,2014-05-06,2014-05-06 10:04:09,Q1,6700300000,0.0,6700300000,1.0,0.0,620400000,0.0,3807400000,4427800000,4764300000,135500000,410400000,2346400000,0.350193274928,1936000000,0.288942286166,-40000000,1783300000,0.266152261839,578500000,1204800000,0.179812844201,1.22,1.21,989600000,995900000,https://www.sec.gov/Archives/edgar/data/63908/000006390814000032/0000063908-14-000032-index.htm,https://www.sec.gov/Archives/edgar/data/63908/000006390814000032/mcd-3312014x10q.htm
2013-12-31,MCD,2014-02-24,2014-02-24 13:26:44,FY,7093200000,6361000000,732200000,0.10322562454181469,0.0,627800000,0.0,4265000000,4893000000,4892800000,133500000,408600000,2609000000,0.367817064231,2200400000,0.310212597981,-86000000,2055200000,0.289742288389,658200000,1397000000,0.196949190774,1.4,1.39,998400000,1006000000,https://www.sec.gov/Archives/edgar/data/63908/000006390814000019/0000063908-14-000019-index.htm,https://www.sec.gov/Archives/edgar/data/63908/000006390814000019/mcd-12312013x10k.htm
2013-09-30,MCD,2013-10-30,2013-10-30 10:02:44,Q3,7323400000,0.0,7323400000,1.0,0.0,554300000,0.0,4064800000,4619100000,4906700000,130500000,394500000,2811200000,0.383865417702,2416700000,0.329996995931,-60000000,2272600000,0.31032034301,750400000,1522200000,0.207854275337,1.53,1.52,1000500000,1008200000,https://www.sec.gov/Archives/edgar/data/63908/000006390813000076/0000063908-13-000076-index.htm,https://www.sec.gov/Archives/edgar/data/63908/000006390813000076/mcd-9302013x10q.htm
2013-06-30,MCD,2013-07-31,2013-07-31 10:44:00,Q2,7083800000,0.0,7083800000,1.0,0.0,607000000,0.0,3959000000,4566000000,4886100000,129800000,390900000,2588600000,0.365425336684,2197700000,0.310243089867,-40000000,2059900000,0.290790253819,663400000,1396500000,0.197139953132,1.39,1.38,1002100000,1009900000,https://www.sec.gov/Archives/edgar/data/63908/000006390813000060/0000063908-13-000060-index.htm,https://www.sec.gov/Archives/edgar/data/63908/000006390813000060/mcd-6302013x10q.htm
2013-03-31,MCD,2013-05-01,2013-05-01 13:10:46,Q1,6605300000,0.0,6605300000,1.0,0.0,596500000,0.0,3787900000,4384400000,4655800000,128100000,391100000,2340600000,0.354351808396,1949500000,0.295141780086,-61000000,1816800000,0.2750518523,546600000,1270200000,0.192300122629,1.27,1.26,1002700000,1010800000,https://www.sec.gov/Archives/edgar/data/63908/000006390813000028/0000063908-13-000028-index.htm,https://www.sec.gov/Archives/edgar/data/63908/000006390813000028/mcd-3312013x10q.htm
2012-12-31,MCD,2013-02-25,2013-02-25 11:19:42,FY,6952100000,6318000000,634100000,0.0912098502610722,0.0,624500000,0.0,4129000000,4754000000,4754300000,129600000,386000000,2583800000,0.371657484789,2197800000,0.316134693114,-96000000,2068000000,0.297464075603,671900000,1396100000,0.200817019318,1.39,1.38,1010100000,1020200000,https://www.sec.gov/Archives/edgar/data/63908/000006390813000010/0000063908-13-000010-index.htm,https://www.sec.gov/Archives/edgar/data/63908/000006390813000010/mcd-12312012x10k.htm
2012-09-30,MCD,2012-11-01,2012-11-01 10:54:19,Q3,7152400000,0.0,7152400000,1.0,0.0,620900000,0.0,3974100000,4595000000,4865200000,128100000,371900000,2659100000,0.37177730552,2287200000,0.319780772887,-59000000,2153600000,0.301101728091,698600000,1455000000,0.203428219898,1.45,1.44,1012700000,1023300000,https://www.sec.gov/Archives/edgar/data/63908/000006390812000044/0000063908-12-000044-index.htm,https://www.sec.gov/Archives/edgar/data/63908/000006390812000044/mcd-9302012x10q.htm
2012-06-30,MCD,2012-08-06,2012-08-06 10:32:47,Q2,6915900000,0.0,6915900000,1.0,0.0,617300000,0.0,3880200000,4497500000,4760900000,130000000,365900000,2520900000,0.364507873162,2155000000,0.311600803945,-57000000,2009900000,0.290620165127,662900000,1347000000,0.194768576758,1.33,1.31,1016000000,1027100000,https://www.sec.gov/Archives/edgar/data/63908/000119312512336626/0001193125-12-336626-index.htm,https://www.sec.gov/Archives/edgar/data/63908/000119312512336626/d367139d10q.htm
2012-03-31,MCD,2012-05-08,2012-05-08 10:39:16,Q1,6546600000,0.0,6546600000,1.0,0.0,592500000,0.0,3694000000,4286500000,4582000000,128900000,364700000,2329300000,0.355803012251,1964600000,0.300094705649,11800000,1847500000,0.282207558122,580800000,1266700000,0.193489750405,1.24,1.23,1018200000,1030000000,https://www.sec.gov/Archives/edgar/data/63908/000119312512217184/0001193125-12-217184-index.htm,https://www.sec.gov/Archives/edgar/data/63908/000119312512217184/d321624d10q.htm
2011-12-31,MCD,2012-02-24,2012-02-24 11:55:52,FY,6822700000,6167000000,655700000,0.09610564732437304,0.0,661200000,0.0,4042000000,4703000000,4702700000,126900000,367500000,2487500000,0.364591730547,2120000000,0.310727424627,-67000000,1983700000,0.290749996336,607100000,1376600000,0.201767628651,1.35,1.33,1032100000,1044900000,https://www.sec.gov/Archives/edgar/data/63908/000119312512077317/0001193125-12-077317-index.htm,https://www.sec.gov/Archives/edgar/data/63908/000119312512077317/d260574d10k.htm
2011-09-30,MCD,2011-11-04,2011-11-04 10:18:51,Q3,7166300000,0.0,7166300000,1.0,0.0,580900000,0.0,3945500000,4526400000,4771600000,124000000,358300000,2753000000,0.38415918954,2394700000,0.33416128267,-165000000,2263200000,0.315811506635,755900000,1507300000,0.210331691389,1.46,1.45,1035500000,1048200000,https://www.sec.gov/Archives/edgar/data/63908/000119312511296575/0001193125-11-296575-index.htm,https://www.sec.gov/Archives/edgar/data/63908/000119312511296575/d234738d10q.htm
2011-06-30,MCD,2011-08-05,2011-08-05 09:57:51,Q2,6905400000,0.0,6905400000,1.0,0.0,588000000,0.0,3958500000,4546500000,4716300000,121800000,350100000,2539200000,0.367712225215,2189100000,0.317012772613,-54000000,2066400000,0.299244069858,656200000,1410200000,0.204216989602,1.36,1.34,1039000000,1051400000,https://www.sec.gov/Archives/edgar/data/63908/000119312511211544/0001193125-11-211544-index.htm,https://www.sec.gov/Archives/edgar/data/63908/000119312511211544/d10q.htm
2011-03-31,MCD,2011-05-06,2011-05-06 09:42:50,Q1,6111600000,0.0,6111600000,1.0,0.0,563600000,0.0,3367800000,3931400000,4285700000,120100000,339100000,2165000000,0.354244387722,1825900000,0.298759735585,-48000000,1698900000,0.277979579815,489900000,1209000000,0.197820537993,1.16,1.15,1042400000,1054600000,https://www.sec.gov/Archives/edgar/data/63908/000119312511129826/0001193125-11-129826-index.htm,https://www.sec.gov/Archives/edgar/data/63908/000119312511129826/d10q.htm
2010-12-31,MCD,2011-02-25,2011-02-25 11:12:02,FY,6214100000,5300000000,914100000,0.14710094784441835,0.0,665800000,0.0,3691000000,4357000000,4356900000,117000000,334100000,2191300000,0.352633526979,1857200000,0.298868701823,-37000000,1733600000,0.27897845223,491300000,1242300000,0.199916319338,1.18,1.16,1066000000,1080300000,https://www.sec.gov/Archives/edgar/data/63908/000119312511046701/0001193125-11-046701-index.htm,https://www.sec.gov/Archives/edgar/data/63908/000119312511046701/d10k.htm
2010-09-30,MCD,2010-11-05,2010-11-05 09:01:08,Q3,6304900000,0.0,6304900000,1.0,0.0,556300000,0.0,3403900000,3960200000,4208400000,114800000,312700000,2409200000,0.38211549747,2096500000,0.332519151771,-50000000,1974500000,0.313169122429,586100000,1388400000,0.220209678187,1.3,1.29,1069700000,1083900000,https://www.sec.gov/Archives/edgar/data/63908/000119312510249223/0001193125-10-249223-index.htm,https://www.sec.gov/Archives/edgar/data/63908/000119312510249223/d10q.htm
2010-06-30,MCD,2010-08-05,2010-08-05 11:10:50,Q2,5945500000,0.0,5945500000,1.0,0.0,564900000,0.0,3235400000,3800300000,4100200000,108100000,311500000,2156800000,0.362761752586,1845300000,0.31036918678,-20000000,1735300000,0.291867799176,509500000,1225800000,0.206172735682,1.15,1.13,1074100000,1088100000,https://www.sec.gov/Archives/edgar/data/63908/000119312510178634/0001193125-10-178634-index.htm,https://www.sec.gov/Archives/edgar/data/63908/000119312510178634/d10q.htm
2010-03-31,MCD,2010-05-06,2010-05-06 10:56:54,Q1,5610100000,0.0,5610100000,1.0,0.0,546300000,0.0,3202200000,3748500000,3936000000,111000000,317900000,1992000000,0.355073884601,1674100000,0.298408228017,-91000000,1556900000,0.277517334807,467100000,1089800000,0.194256786867,1.01,1.0,1076000000,1090100000,https://www.sec.gov/Archives/edgar/data/63908/000119312510110148/0001193125-10-110148-index.htm,https://www.sec.gov/Archives/edgar/data/63908/000119312510110148/d10q.htm
2009-12-31,MCD,2010-02-26,2010-02-26 10:45:54,FY,5973000000,5178000000,795000000,0.13309894525364138,0.0,656000000,0.0,3491000000,4147000000,4147000000,-115000000,318000000,251000000,0.042022434287627655,-67000000,-0.011217143813828897,-67000000,1701000000,0.28478151682571573,485000000,1217000000,0.20375020927507115,2.05,2.05,1092000000,1092000000,https://www.sec.gov/Archives/edgar/data/63908/000119312510042025/0001193125-10-042025-index.htm,https://www.sec.gov/Archives/edgar/data/63908/000119312510042025/d10k.htm
2009-09-30,MCD,2009-11-05,2009-11-05 10:42:26,Q3,6047000000,0.0,6047000000,1.0,0.0,550000000,0.0,3564000000,4114000000,4114000000,-118000000,312000000,240000000,0.03968910203406648,-72000000,-0.011906730610219943,-72000000,1822000000,0.3013064329419547,560000000,1261000000,0.2085331569373243,3.04,3.04,1097000000,1097000000,https://www.sec.gov/Archives/edgar/data/63908/000119312509224951/0001193125-09-224951-index.htm,https://www.sec.gov/Archives/edgar/data/63908/000119312509224951/d10q.htm
2009-06-30,MCD,2009-08-06,2009-08-06 11:12:45,Q2,5647000000,0.0,5647000000,1.0,0.0,531000000,0.0,3434000000,3965000000,3965000000,-120000000,11392000000,11347000000,2.009385514432442,-45000000,-0.007968833008677173,-45000000,1592000000,0.28191960332920135,499000000,1094000000,0.19373118469984063,1.88,1.88,1103000000,1103000000,https://www.sec.gov/Archives/edgar/data/63908/000119312509166658/0001193125-09-166658-index.htm,https://www.sec.gov/Archives/edgar/data/63908/000119312509166658/d10q.htm
2009-03-31,MCD,2009-05-05,2009-05-05 10:41:15,Q1,5077000000,0.0,5077000000,1.0,0.0,497000000,0.0,3180000000,3677000000,3677000000,-120000000,-10806000000,-10844000000,-2.135907031711641,-38000000,-0.0074847350797715186,-38000000,1372000000,0.27023832972227696,392000000,979000000,0.19283041166042938,0.88,0.88,1109000000,1109000000,https://www.sec.gov/Archives/edgar/data/63908/000119312509099193/0001193125-09-099193-index.htm,https://www.sec.gov/Archives/edgar/data/63908/000119312509099193/d10q.htm
2008-12-31,MCD,2009-02-25,2009-02-25 11:06:22,FY,5565000000,5586000000,-21000000,-0.0037735849056603774,0.0,622000000,0.0,3441000000,4063000000,4063000000,-116000000,277000000,223000000,0.04007187780772686,-54000000,-0.009703504043126684,-54000000,1398000000,0.25121293800539085,411000000,986000000,0.17717879604672057,1.625,1.625,1126000000,1126000000,https://www.sec.gov/Archives/edgar/data/63908/000119312509037008/0001193125-09-037008-index.htm,https://www.sec.gov/Archives/edgar/data/63908/000119312509037008/d10k.htm
2008-09-30,MCD,2008-11-06,2008-11-06 11:02:55,Q3,6267000000,0.0,6267000000,1.0,0.0,582000000,0.0,3861000000,4443000000,4443000000,-132000000,311000000,268000000,0.0427636827828307,-43000000,-0.006861337162916866,-43000000,1698000000,0.27094303494494976,508000000,1191000000,0.19004308281474389,2.94,2.94,1130000000,1130000000,https://www.sec.gov/Archives/edgar/data/63908/000119312508227354/0001193125-08-227354-index.htm,https://www.sec.gov/Archives/edgar/data/63908/000119312508227354/d10q.htm
2008-06-30,MCD,2008-08-06,2008-08-06 11:44:12,Q2,6076000000,0.0,6076000000,1.0,0.0,599000000,0.0,3822000000,4421000000,4421000000,-146000000,12480000000,12452000000,2.0493745885450956,-28000000,-0.004608294930875576,-28000000,1699000000,0.27962475312705726,508000000,1190000000,0.195852534562212,1.88,1.88,1137000000,1137000000,https://www.sec.gov/Archives/edgar/data/63908/000119312508167816/0001193125-08-167816-index.htm,https://www.sec.gov/Archives/edgar/data/63908/000119312508167816/d10q.htm
2008-03-31,MCD,2008-05-06,2008-05-06 11:51:57,Q1,5614000000,0.0,5614000000,1.0,0.0,552000000,0.0,3600000000,4152000000,4152000000,-128000000,-11861000000,-11901000000,-2.119878874242964,-40000000,-0.007125044531528322,-40000000,1363000000,0.24278589241182758,417000000,946000000,0.16850730317064483,0.83,0.83,1145000000,1145000000,https://www.sec.gov/Archives/edgar/data/63908/000119312508103615/0001193125-08-103615-index.htm,https://www.sec.gov/Archives/edgar/data/63908/000119312508103615/d10q.htm
2007-12-31,MCD,2008-02-25,2008-02-25 13:18:49,FY,5753000000,5487000000,266000000,0.046236746045541455,0.0,661000000,0.0,3738000000,4399000000,4399000000,-114000000,303000000,344000000,0.05979488962280549,41000000,0.0071267164957413524,41000000,1285000000,0.22336172431774726,11000000,1274000000,0.22144967842864594,1.96,1.96,1188000000,1188000000,https://www.sec.gov/Archives/edgar/data/63908/000119312508037220/0001193125-08-037220-index.htm,https://www.sec.gov/Archives/edgar/data/63908/000119312508037220/d10k.htm
2007-09-30,MCD,2007-11-02,2007-11-02 11:24:24,Q3,5559000000,0.0,5559000000,1.0,0.0,543000000,0.0,3478000000,4021000000,4021000000,-97000000,297000000,269000000,0.04838999820111531,-28000000,-0.005036877136175571,-28000000,1466000000,0.26371649577262096,455000000,1071000000,0.1926605504587156,0.89,0.89,1193000000,1193000000,https://www.sec.gov/Archives/edgar/data/63908/000119312507233434/0001193125-07-233434-index.htm,https://www.sec.gov/Archives/edgar/data/63908/000119312507233434/d10q.htm
2007-06-30,MCD,2007-08-06,2007-08-06 11:41:19,Q2,6010000000,0.0,6010000000,1.0,0.0,605000000,0.0,5593000000,6198000000,6198000000,-102000000,11802000000,11781000000,1.9602329450915141,-21000000,-0.0034941763727121466,-21000000,-272000000,-0.045257903494176376,440000000,-712000000,-0.11846921797004992,0.04,0.04,1197000000,1197000000,https://www.sec.gov/Archives/edgar/data/63908/000119312507171645/0001193125-07-171645-index.htm,https://www.sec.gov/Archives/edgar/data/63908/000119312507171645/d10q.htm
2007-03-31,MCD,2007-05-04,2007-05-04 11:47:07,Q1,5464000000,0.0,5464000000,1.0,0.0,558000000,0.0,3731000000,4289000000,4289000000,-97000000,-11188000000,-11191000000,-2.0481332357247437,-3000000.0,-0.0005490483162518302,-3000000.0,1093000000,0.20003660322108346,331000000,762000000,0.13945827232796487,0.63,0.63,1201000000,1201000000,https://www.sec.gov/Archives/edgar/data/63908/000119312507102379/0001193125-07-102379-index.htm,https://www.sec.gov/Archives/edgar/data/63908/000119312507102379/d10q.htm
2006-12-31,MCD,2007-02-26,2007-02-26 15:51:46,FY,5031000000,5349000000,-318000000,-0.06320810971973763,0.0,611000000,0.0,3341000000,3952000000,3952000000,-99000000,1249000000,2328000000,0.4627310673822302,1079000000,0.2144702842377261,0.0,770000000,0.15305108328364142,200000000,1242000000,0.24686940966010734,2.33,2.33,1234000000,1234000000,https://www.sec.gov/Archives/edgar/data/63908/000119312507039707/0001193125-07-039707-index.htm,https://www.sec.gov/Archives/edgar/data/63908/000119312507039707/d10k.htm
2006-09-30,MCD,2006-11-03,2006-11-03 12:24:17,Q3,5882000000,0.0,5882000000,1.0,0.0,581000000,0.0,3998000000,4579000000,4579000000,-103000000,0.0,1303000000,0.22152329139748386,1303000000,0.22152329139748386,0.0,1229000000,0.20894253655219314,385000000,843000000,0.14331859911594697,1.86,1.86,1239000000,1239000000,https://www.sec.gov/Archives/edgar/data/63908/000119312506223321/0001193125-06-223321-index.htm,https://www.sec.gov/Archives/edgar/data/63908/000119312506223321/d10q.htm
2006-06-30,MCD,2006-08-04,2006-08-04 13:21:44,Q2,5573000000,0.0,5573000000,1.0,0.0,595000000,0.0,3838000000,4433000000,4433000000,-98000000,10315000000,12392000000,2.2235779651893055,2077000000,0.37268975417190026,14000000,1262000000,0.22644895029607034,428000000,834000000,0.14965009869011303,1.17,1.17,1244000000,1244000000,https://www.sec.gov/Archives/edgar/data/63908/000119312506162127/0001193125-06-162127-index.htm,https://www.sec.gov/Archives/edgar/data/63908/000119312506162127/d10q.htm
2006-03-31,MCD,2006-05-09,2006-05-09 14:16:39,Q1,5100000000,0.0,5100000000,1.0,0.0,550000000,0.0,3627000000,4177000000,4177000000,-102000000,-10315000000,-10329000000,-2.025294117647059,-14000000,-0.0027450980392156863,-14000000,905000000,0.17745098039215687,280000000,625000000,0.12254901960784313,0.5,0.5,1254000000,1254000000,https://www.sec.gov/Archives/edgar/data/63908/000119312506105121/0001193125-06-105121-index.htm,https://www.sec.gov/Archives/edgar/data/63908/000119312506105121/d10q.htm
2005-12-31,MCD,2006-02-27,2006-02-27 15:04:50,FY,5235000000,5207000000,28000000,0.005348615090735435,0.0,615000000,0.0,3684000000,4299000000,4299000000,-92000000,317000000,4333000000,0.8276981852913085,4016000000,0.7671442215854823,-5000000.0,850000000,0.1623686723973257,242000000,609000000,0.11633237822349571,2.06,2.06,1260000000,1260000000,https://www.sec.gov/Archives/edgar/data/63908/000119312506039862/0001193125-06-039862-index.htm,https://www.sec.gov/Archives/edgar/data/63908/000119312506039862/d10k.htm
2005-09-30,MCD,2005-11-04,2005-11-04 10:53:51,Q3,5327000000,0.0,5327000000,1.0,0.0,548000000,0.0,3619000000,4167000000,4167000000,-86000000,309000000,-1612000000,-0.3026093486014642,-1921000000,-0.36061573118077717,5000000.0,1086000000,0.2038670921719542,350000000,735000000,0.13797634691195795,1.58,1.58,1260000000,1260000000,https://www.sec.gov/Archives/edgar/data/63908/000119312505216482/0001193125-05-216482-index.htm,https://www.sec.gov/Archives/edgar/data/63908/000119312505216482/d10q.htm
2005-06-30,MCD,2005-08-05,2005-08-05 11:56:58,Q2,5096000000,0.0,5096000000,1.0,0.0,537000000,0.0,3542000000,4079000000,4079000000,-89000000,10482000000,11499000000,2.256475667189953,1017000000,0.19956828885400313,0.0,935000000,0.18347723704866561,405000000,531000000,0.10419937205651492,1.0,1.0,1264000000,1264000000,https://www.sec.gov/Archives/edgar/data/63908/000119312505158749/0001193125-05-158749-index.htm,https://www.sec.gov/Archives/edgar/data/63908/000119312505158749/d10q.htm
2005-03-31,MCD,2005-05-06,2005-05-06 13:36:38,Q1,4802000000,0.0,4802000000,1.0,0.0,520000000,0.0,3373000000,3893000000,3893000000,-89000000,-9859000000,-8950000000,-1.8638067471886715,909000000,0.18929612661391088,0.0,830000000,0.17284464806330696,102000000,727000000,0.15139525197834236,0.57,0.57,1268000000,1268000000,https://www.sec.gov/Archives/edgar/data/63908/000119312505098963/0001193125-05-098963-index.htm,https://www.sec.gov/Archives/edgar/data/63908/000119312505098963/d10q.htm
2004-12-31,MCD,2005-03-04,2005-03-04 15:02:30,FY,5010000000,4852000000,158000000,0.03153692614770459,0.0,552000000,0.0,3841000000,4393000000,4393000000,-91000000,319000000,936000000,0.18682634730538922,617000000,0.12315369261477047,0.0,573000000,0.11437125748502994,175000000,398000000,0.07944111776447106,1.81,1.81,1259000000,1259000000,https://www.sec.gov/Archives/edgar/data/63908/000119312505042609/0001193125-05-042609-index.htm,https://www.sec.gov/Archives/edgar/data/63908/000119312505042609/d10k.htm
2004-09-30,MCD,2004-11-05,2004-11-05 11:13:45,Q3,4926000000,0.0,4926000000,1.0,0.0,474000000,0.0,3353000000,3827000000,3827000000,-88000000,293000000,1392000000,0.28258221680876977,1099000000,0.2231019082419813,0.0,1006000000,0.20422249289484368,227000000,778000000,0.15793747462444174,1.49,1.49,1258000000,1258000000,https://www.sec.gov/Archives/edgar/data/63908/000119312504187329/0001193125-04-187329-index.htm,https://www.sec.gov/Archives/edgar/data/63908/000119312504187329/d10q.htm
2004-06-30,MCD,2004-08-06,2004-08-06 09:31:18,Q2,4729000000,0.0,4729000000,1.0,0.0,497000000,0.0,3266000000,3763000000,3763000000,-88000000,9614000000,11428000000,2.4165785578346375,1814000000,0.38359061112285897,-10000000,866000000,0.18312539648974413,275000000,591000000,0.12497356735039121,0.88,0.88,1258000000,1258000000,https://www.sec.gov/Archives/edgar/data/63908/000119312504133629/0001193125-04-133629-index.htm,https://www.sec.gov/Archives/edgar/data/63908/000119312504133629/d10q.htm
2004-03-31,MCD,2004-05-06,2004-05-06 11:59:02,Q1,4399000000,0.0,4399000000,1.0,0.0,457000000,0.0,3084000000,3541000000,3541000000,-91000000,-9025000000,-9015000000,-2.0493293930438736,10000000,0.0022732439190725163,10000000,757000000,0.1720845646737895,246000000,511000000,0.11616276426460559,0.41,0.41,1261000000,1261000000,https://www.sec.gov/Archives/edgar/data/63908/000119312504080237/0001193125-04-080237-index.htm,https://www.sec.gov/Archives/edgar/data/63908/000119312504080237/d10q.htm
2003-12-31,MCD,2004-03-05,2004-03-05 12:08:20,FY,12636000000,4314000000,8322000000,0.6585944919278253,0.0,1377000000,0.0,9391000000,10768000000,10768000000,-295000000,9633000000,12458000000,0.9859132636910415,2825000000,0.22356758467869578,-7000000.0,1523000000,0.12052864830642608,563000000,924000000,0.0731244064577398,1.19,1.19,1269000000,1269000000,https://www.sec.gov/Archives/edgar/data/63908/000119312504035282/0001193125-04-035282-index.htm,https://www.sec.gov/Archives/edgar/data/63908/000119312504035282/d10k.htm
2003-09-30,MCD,2003-11-07,2003-11-07 11:23:43,Q3,224000000,0.0,224000000,1.0,0.0,-10000000,0.0,96000000,86000000,86000000,8000000.0,-231000000,-237000000,-1.0580357142857142,-6000000.0,-0.026785714285714284,-6000000.0,115000000,0.5133928571428571,38000000,77000000,0.34375,0.43,0.43,1271000000,1271000000,https://www.sec.gov/Archives/edgar/data/63908/000104746903036401/0001047469-03-036401-index.htm,https://www.sec.gov/Archives/edgar/data/63908/000104746903036401/a2121886z10-q.htm
2003-06-30,MCD,2003-08-08,2003-08-08 12:46:02,Q2,481000000,0.0,481000000,1.0,0.0,70000000,0.0,259000000,329000000,329000000,0.0,-381000000,-364000000,-0.7567567567567568,17000000,0.035343035343035345,17000000,161000000,0.33471933471933474,54000000,143000000,0.2972972972972973,0.37,0.37,1272000000,1272000000,https://www.sec.gov/Archives/edgar/data/63908/000104746903026735/0001047469-03-026735-index.htm,https://www.sec.gov/Archives/edgar/data/63908/000104746903026735/a2116065z10-q.htm
2003-03-31,MCD,2003-05-13,2003-05-13 14:40:44,Q1,3799000000,0.0,3799000000,1.0,0.0,396000000,0.0,2729000000,3125000000,3125000000,-101000000,-7873000000,-7877000000,-2.073440379047118,-4000000.0,-0.0010529086601737299,-4000000.0,547000000,0.14398525927875758,183000000,327000000,0.08607528296920242,0.29,0.29,1269000000,1269000000,https://www.sec.gov/Archives/edgar/data/63908/000104746903018134/0001047469-03-018134-index.htm,https://www.sec.gov/Archives/edgar/data/63908/000104746903018134/a2110530z10-q.htm
2002-12-31,MCD,2003-03-12,2003-03-12 14:43:57,FY,1162000000,360000000,802000000,0.6901893287435457,0.0,125000000,0.0,2254000000,2379000000,2379000000,55000000,40000000,1069000000,0.9199655765920827,1029000000,0.8855421686746988,1029000000,-1220000000,-1.0499139414802066,-235000000,-1084000000,-0.9328743545611016,0.78,0.78,1273000000,1273000000,https://www.sec.gov/Archives/edgar/data/63908/000104746903008450/0001047469-03-008450-index.htm,https://www.sec.gov/Archives/edgar/data/63908/000104746903008450/a2105107z10-k.htm
