date,symbol,fillingDate,acceptedDate,period,revenue,costOfRevenue,grossProfit,grossProfitRatio,researchAndDevelopmentExpenses,generalAndAdministrativeExpenses,sellingAndMarketingExpenses,otherExpenses,operatingExpenses,costAndExpenses,interestExpense,depreciationAndAmortization,ebitda,ebitdaratio,operatingIncome,operatingIncomeRatio,totalOtherIncomeExpensesNet,incomeBeforeTax,incomeBeforeTaxRatio,incomeTaxExpense,netIncome,netIncomeRatio,eps,epsdiluted,weightedAverageShsOut,weightedAverageShsOutDil,link,finalLink
2020-01-24,MDT,2020-02-28,2020-02-28 06:49:49,Q3,7717000000,2400000000,5317000000,0.6889983154075418,573000000,2587000000,0.0,-39000000,3596000000,5996000000,156000000,663000000,2302000000,0.298302449138,1639000000,0.21238823377,297000000,1579000000,0.204613191655,-340000000,1915000000,0.248153427498,1.43,1.42,1340700000,1351600000,https://www.sec.gov/Archives/edgar/data/1613103/000161310320000007/0001613103-20-000007-index.htm,https://www.sec.gov/Archives/edgar/data/1613103/000161310320000007/mdt-20200124.htm
2019-10-25,MDT,2019-12-03,2019-12-03 16:11:13,Q2,7706000000,2394000000,5312000000,0.6893329872826369,603000000,2620000000,0.0,149000000,3664000000,6058000000,165000000,671000000,2022000000,0.262392940566,1351000000,0.175317934077,-187000000,1294000000,0.167921100441,-77000000,1364000000,0.177004931222,1.02,1.01,1340800000,1351600000,https://www.sec.gov/Archives/edgar/data/1613103/000161310319000056/0001613103-19-000056-index.htm,https://www.sec.gov/Archives/edgar/data/1613103/000161310319000056/mdt-20191025.htm
2019-07-26,MDT,2019-08-30,2019-08-30 06:46:32,Q1,7493000000,2366000000,5127000000,0.6842386227145336,587000000,2543000000,0.0,-22000000,3570000000,5936000000,609000000,657000000,2142000000,0.285866809022,1485000000,0.198184972641,-22000000,977000000,0.130388362472,100000000,864000000,0.115307620446,0.64,0.64,1340800000,1351900000,https://www.sec.gov/Archives/edgar/data/1613103/000161310319000038/0001613103-19-000038-index.htm,https://www.sec.gov/Archives/edgar/data/1613103/000161310319000038/mdt-2020q1x10q.htm
2019-04-26,MDT,2019-06-21,2019-06-21 06:53:12,FY,8146000000,2483000000,5663000000,0.6951878222440462,594000000,2620000000,0.0,-20000000,3651000000,6134000000,718000000,667000000,2613000000,0.320770930518,1946000000,0.238890252885,-64000000,1292000000,0.158605450528,110000000,1172000000,0.143874294132,0.87,0.87,1346400000,1357500000,https://www.sec.gov/Archives/edgar/data/1613103/000161310319000028/0001613103-19-000028-index.htm,https://www.sec.gov/Archives/edgar/data/1613103/000161310319000028/mdt-2019426x10k.htm
2019-01-25,MDT,2019-03-01,2019-03-01 07:06:38,Q3,7546000000,2265000000,5281000000,0.6998409753511794,561000000,2596000000,0.0,57000000,3593000000,5858000000,243000000,675000000,2217000000,0.293798038696,1542000000,0.204346673734,-71000000,1370000000,0.181553140737,99000000,1269000000,0.168168566128,0.95,0.93,1348100000,1359500000,https://www.sec.gov/Archives/edgar/data/1613103/000161310319000012/0001613103-19-000012-index.htm,https://www.sec.gov/Archives/edgar/data/1613103/000161310319000012/mdt-2019q3x10q.htm
2018-10-26,MDT,2018-11-29,2018-11-29 17:10:22,Q2,7481000000,2203000000,5278000000,0.7055206523192087,590000000,2605000000,0.0,70000000,3640000000,5843000000,241000000,651000000,2195000000,0.293409971929,1544000000,0.206389520118,-52000000,1355000000,0.181125517979,235000000,1115000000,0.149044245422,0.83,0.82,1350900000,1363000000,https://www.sec.gov/Archives/edgar/data/1613103/000161310318000044/0001613103-18-000044-index.htm,https://www.sec.gov/Archives/edgar/data/1613103/000161310318000044/mdt-2019q2x10q.htm
2018-07-27,MDT,2018-08-31,2018-08-31 06:38:44,Q1,7384000000,2204000000,5180000000,0.7015167930660888,585000000,2597000000,0.0,151000000,3628000000,5832000000,242000000,666000000,1902000000,0.25758396533,1236000000,0.167388949079,-186000000,1180000000,0.159804983749,103000000,1075000000,0.145585048754,0.79,0.79,1352700000,1365400000,https://www.sec.gov/Archives/edgar/data/1613103/000161310318000032/0001613103-18-000032-index.htm,https://www.sec.gov/Archives/edgar/data/1613103/000161310318000032/mdt-2019q1x10q.htm
2018-04-27,MDT,2018-06-22,2018-06-22 07:04:30,FY,8144000000,2395000000,5749000000,0.7059184675834971,592000000,2552000000,0.0,188000000,3569000000,5964000000,317000000,668000000,2603000000,0.319621807466,1935000000,0.237598231827,-188000000,1725000000,0.21181237721,260000000,1460000000,0.179273084479,1.08,1.07,1356700000,1368200000,https://www.sec.gov/Archives/edgar/data/1613103/000161310318000024/0001613103-18-000024-index.htm,https://www.sec.gov/Archives/edgar/data/1613103/000161310318000024/mdt-2018427x10k.htm
2018-01-26,MDT,2018-03-02,2018-03-02 17:29:00,Q3,7369000000,2191000000,5178000000,0.7026733613787488,558000000,2499000000,0.0,140000000,3518000000,5709000000,270000000,669000000,2095000000,0.284299090786,1426000000,0.193513366807,-140000000,1027000000,0.139367621115,2419000000,-1392000000,-0.18889944361514452,-1.02,-1.01,1357200000,1368900000,https://www.sec.gov/Archives/edgar/data/1613103/000161310318000009/0001613103-18-000009-index.htm,https://www.sec.gov/Archives/edgar/data/1613103/000161310318000009/mdt-2018q3x10q.htm
2017-10-27,MDT,2017-12-04,2017-12-04 16:30:39,Q2,7050000000,2120000000,4930000000,0.699290780141844,555000000,2438000000,0.0,111000000,3453000000,5573000000,273000000,668000000,2569000000,0.364397163121,1901000000,0.269645390071,-111000000,1728000000,0.245106382979,-285000000,2017000000,0.28609929078,1.48,1.47,1358500000,1370800000,https://www.sec.gov/Archives/edgar/data/1613103/000161310317000047/0001613103-17-000047-index.htm,https://www.sec.gov/Archives/edgar/data/1613103/000161310317000047/mdt-2018q2x10q.htm
2017-07-28,MDT,2017-09-01,2017-09-01 06:46:57,Q1,7390000000,2349000000,5041000000,0.6821380243572395,548000000,2485000000,0.0,66000000,3487000000,5836000000,286000000,626000000,2015000000,0.272665764547,1389000000,0.187956698241,-66000000,1195000000,0.161705006766,186000000,1016000000,0.13748308525,0.75,0.74,1361900000,1375600000,https://www.sec.gov/Archives/edgar/data/1613103/000161310317000027/0001613103-17-000027-index.htm,https://www.sec.gov/Archives/edgar/data/1613103/000161310317000027/mdt-2018q1x10q.htm
2017-04-28,MDT,2017-06-27,2017-06-27 16:19:46,FY,7916000000,2436000000,5480000000,0.6922688226376958,553000000,2479000000,0.0,48000000,3528000000,5964000000,290000000,708000000,2339000000,0.295477513896,1631000000,0.206038403234,-48000000,1435000000,0.181278423446,271000000,1163000000,0.146917635169,0.85,0.84,1378900000,1391400000,https://www.sec.gov/Archives/edgar/data/1613103/000161310317000018/0001613103-17-000018-index.htm,https://www.sec.gov/Archives/edgar/data/1613103/000161310317000018/mdt-2017428x10k.htm
2017-01-27,MDT,2017-03-03,2017-03-03 17:14:33,Q3,7283000000,2268000000,5015000000,0.6885898668131265,530000000,2388000000,0.0,46000000,3415000000,5683000000,268000000,737000000,1884000000,0.258684607991,1147000000,0.157490045311,-46000000,967000000,0.132774955376,147000000,821000000,0.112728271317,0.6,0.59,1381900000,1394700000,https://www.sec.gov/Archives/edgar/data/1613103/000161310317000008/0001613103-17-000008-index.htm,https://www.sec.gov/Archives/edgar/data/1613103/000161310317000008/mdt-2017q3x10q.htm
2016-10-28,MDT,2016-12-05,2016-12-05 17:17:06,Q2,7345000000,2326000000,5019000000,0.6833219877467666,554000000,2416000000,0.0,89000000,3470000000,5796000000,264000000,739000000,2124000000,0.289176310415,1385000000,0.188563648741,-89000000,1212000000,0.165010211028,101000000,1115000000,0.151803948264,0.8,0.8,1386500000,1400200000,https://www.sec.gov/Archives/edgar/data/1613103/000161310316000123/0001613103-16-000123-index.htm,https://www.sec.gov/Archives/edgar/data/1613103/000161310316000123/mdt-2017q2x10q.htm
2016-07-29,MDT,2016-09-07,2016-09-07 06:45:19,Q1,7166000000,2261000000,4905000000,0.6844822774211554,556000000,2428000000,0.0,39000000,3471000000,5732000000,272000000,744000000,1911000000,0.266675969858,1167000000,0.162852358359,-39000000,988000000,0.137873290539,59000000,929000000,0.129639966509,0.67,0.66,1392200000,1407100000,https://www.sec.gov/Archives/edgar/data/1613103/000161310316000100/0001613103-16-000100-index.htm,https://www.sec.gov/Archives/edgar/data/1613103/000161310316000100/mdt-2017q1x10q.htm
2016-04-29,MDT,2016-06-28,2016-06-28 06:46:34,FY,7567000000,2363000000,5204000000,0.6877230077970133,575000000,2360000000,0.0,-20000000,3418000000,5781000000,481000000,715000000,2220000000,0.293379146293,1505000000,0.198889916744,20000000,1134000000,0.149861239593,31000000,1103000000,0.145764503766,0.79,0.78,1409600000,1425900000,https://www.sec.gov/Archives/edgar/data/1613103/000161310316000093/0001613103-16-000093-index.htm,https://www.sec.gov/Archives/edgar/data/1613103/000161310316000093/mdt-2016429x10k.htm
2016-01-29,MDT,2016-03-09,2016-03-09 17:27:19,Q3,6934000000,2141000000,4793000000,0.6912316123449669,546000000,2317000000,0.0,9000000.0,3347000000,5488000000,275000000,737000000,2092000000,0.301701759446,1355000000,0.195413902509,-9000000.0,1179000000,0.170031727718,84000000,1095000000,0.157917507932,0.77,0.76,1412500000,1429200000,https://www.sec.gov/Archives/edgar/data/1613103/000161310316000071/0001613103-16-000071-index.htm,https://www.sec.gov/Archives/edgar/data/1613103/000161310316000071/mdt-2016q3x10q.htm
2015-10-30,MDT,2015-12-09,2015-12-09 17:18:31,Q2,7058000000,2182000000,4876000000,0.69084726551431,545000000,2343000000,0.0,57000000,3371000000,5553000000,324000000,696000000,1996000000,0.28279965996,1300000000,0.184188155285,-57000000,1083000000,0.153442901672,563000000,520000000,0.0736752621139,0.37,0.37,1415600000,1432700000,https://www.sec.gov/Archives/edgar/data/1613103/000161310315000053/0001613103-15-000053-index.htm,https://www.sec.gov/Archives/edgar/data/1613103/000161310315000053/mdt-2016q2x10q.htm
2015-07-31,MDT,2015-09-09,2015-09-09 16:59:15,Q1,7274000000,2456000000,4818000000,0.662359087159747,558000000,2449000000,0.0,61000000,3488000000,5944000000,306000000,701000000,1832000000,0.251855925213,1131000000,0.155485290074,-61000000,940000000,0.129227385208,120000000,820000000,0.112730272202,0.58,0.57,1418100000,1436400000,https://www.sec.gov/Archives/edgar/data/1613103/000161310315000038/0001613103-15-000038-index.htm,https://www.sec.gov/Archives/edgar/data/1613103/000161310315000038/mdt-2016q1x10q.htm
2015-04-24,MDT,2015-06-23,2015-06-23 16:23:19,FY,20261000000,6309000000,13952000000,0.6886135926163566,1640000000,6904000000,0.0,118000000,9277000000,15586000000,666000000,1382000000,5148000000,0.254084201175,3766000000,0.185874339865,-118000000,3486000000,0.172054686343,811000000,2675000000,0.132027047036,2.44,2.41,1095500000,1109000000,https://www.sec.gov/Archives/edgar/data/1613103/000161310315000028/0001613103-15-000028-index.htm,https://www.sec.gov/Archives/edgar/data/1613103/000161310315000028/mdt-2015424x10k.htm
2015-01-23,MDT,None,None,Q3,-9807000.0,6033000.0,3774000.0,-0.3848271642704191,-1495000.0,-4851000.0,0.0,-2412000.0,-8758000.0,-14791000,-156000.0,-1032000.0,3952000.0,-0.402977465076,4984000.0,-0.508208422555,0.0,6101000.0,-0.622106658509,-41000.0,5814000.0,-0.59284184766,0.32,0.32,0.0,0.0,None,None
