date,symbol,fillingDate,acceptedDate,period,revenue,costOfRevenue,grossProfit,grossProfitRatio,researchAndDevelopmentExpenses,generalAndAdministrativeExpenses,sellingAndMarketingExpenses,otherExpenses,operatingExpenses,costAndExpenses,interestExpense,depreciationAndAmortization,ebitda,ebitdaratio,operatingIncome,operatingIncomeRatio,totalOtherIncomeExpensesNet,incomeBeforeTax,incomeBeforeTaxRatio,incomeTaxExpense,netIncome,netIncomeRatio,eps,epsdiluted,weightedAverageShsOut,weightedAverageShsOutDil,link,finalLink
2019-12-31,MET,2020-02-21,2020-02-20 19:45:09,FY,17143000000,0.0,17143000000,1.0,0.0,0.0,0.0,3917000000,0.0,0.0,731000000,0.0,-923000000,-0.05384121798985009,-923000000,-0.05384121798985009,0.0,-37000000,-0.002158315347372105,-625000000,588000000,0.03429971416904859,0.0,0.0,0.0,0.0,https://www.sec.gov/Archives/edgar/data/1099219/000109921920000064/0001099219-20-000064-index.htm,https://www.sec.gov/Archives/edgar/data/1099219/000109921920000064/met-20191231x10k.htm
2019-09-30,MET,2019-11-05,2019-11-04 20:36:58,Q3,18678000000,10648000000,8030000000,0.4299175500588928,0.0,273000000,0.0,3170000000,3443000000,14091000000,223000000,0.0,2791000000,0.149427133526,2791000000,0.149427133526,0.0,2791000000,0.149427133526,601000000,2184000000,0.116929007388,2.3,2.28,944000000,950800000,https://www.sec.gov/Archives/edgar/data/1099219/000109921919000225/0001099219-19-000225-index.htm,https://www.sec.gov/Archives/edgar/data/1099219/000109921919000225/met-2019930x10q.htm
2019-06-30,MET,2019-08-06,2019-08-05 20:48:45,Q2,17497000000,9993000000,7504000000,0.42887352117505856,0.0,237000000,0.0,3153000000,3390000000,13383000000,274000000,0.0,2297000000,0.13127964794,2297000000,0.13127964794,0.0,2297000000,0.13127964794,551000000,1741000000,0.0995027719038,1.78,1.77,951300000,958100000,https://www.sec.gov/Archives/edgar/data/1099219/000109921919000138/0001099219-19-000138-index.htm,https://www.sec.gov/Archives/edgar/data/1099219/000109921919000138/met-2019630x10q.htm
2019-03-31,MET,2019-05-08,2019-05-07 20:39:04,Q1,16302000000,9072000000,7230000000,0.44350386455649615,0.0,223000000,0.0,3002000000,3225000000,12297000000,234000000,0.0,1744000000,0.10698073856,1744000000,0.10698073856,0.0,1744000000,0.10698073856,359000000,1381000000,0.084713532082,1.41,1.4,956500000,963300000,https://www.sec.gov/Archives/edgar/data/1099219/000109921919000028/0001099219-19-000028-index.htm,https://www.sec.gov/Archives/edgar/data/1099219/000109921919000028/met-2019331x10q.htm
2018-12-31,MET,2019-02-22,2019-02-21 18:02:55,FY,15662000000,8992000000,6670000000,0.425871536202273,0.0,26000000,0.0,3369000000,3395000000,12387000000,147000000,1641000000,4112000000,0.262546290384,2471000000,0.157770399694,0.0,2471000000,0.157770399694,409000000,2067000000,0.131975482058,2.02,2.0,1005900000,1013900000,https://www.sec.gov/Archives/edgar/data/1099219/000109921919000008/0001099219-19-000008-index.htm,https://www.sec.gov/Archives/edgar/data/1099219/000109921919000008/met-20181231x10k.htm
2018-09-30,MET,2018-11-08,2018-11-07 18:12:54,Q3,16289000000,10080000000,6209000000,0.38117748173614097,0.0,290000000,0.0,3179000000,3469000000,13549000000,267000000,0.0,1079000000,0.0662410215483,1079000000,0.0662410215483,0.0,1079000000,0.0662410215483,164000000,912000000,0.0559887040334,0.89,0.89,1014600000,1022800000,https://www.sec.gov/Archives/edgar/data/1099219/000093783418000052/0000937834-18-000052-index.htm,https://www.sec.gov/Archives/edgar/data/1099219/000093783418000052/met-2018930x10q.htm
2018-06-30,MET,2018-08-07,2018-08-07 17:20:24,Q2,21185000000,14866000000,6319000000,0.29827708284163323,0.0,351000000,0.0,3134000000,3485000000,18351000000,309000000,0.0,1101000000,0.0519707340099,1101000000,0.0519707340099,0.0,1101000000,0.0519707340099,207000000,891000000,0.0420580599481,0.84,0.83,1025700000,1034000000,https://www.sec.gov/Archives/edgar/data/1099219/000093783418000036/0000937834-18-000036-index.htm,https://www.sec.gov/Archives/edgar/data/1099219/000093783418000036/met-2018630x10q.htm
2018-03-31,MET,2018-05-08,2018-05-07 19:58:54,Q1,14805000000,8718000000,6087000000,0.41114488348530903,0.0,243000000,0.0,3122000000,3365000000,12083000000,286000000,0.0,1656000000,0.111854103343,1656000000,0.111854103343,0.0,1656000000,0.111854103343,399000000,1253000000,0.08463356974,1.2,1.19,1035900000,1044400000,https://www.sec.gov/Archives/edgar/data/1099219/000093783418000022/0000937834-18-000022-index.htm,https://www.sec.gov/Archives/edgar/data/1099219/000093783418000022/met-2018331x10q.htm
2017-12-31,MET,2018-03-01,2018-03-01 16:22:57,FY,15993000000,9390000000,6603000000,0.4128681298067905,0.0,-2173000000,0.0,5890000000,3717000000,13107000000,257000000,1839000000,2893000000,0.180891640093,1054000000,0.0659038329269,0.0,1054000000,0.0659038329269,-2252000000,2381000000,0.148877633965,2.19,2.17,1069700000,1078500000,https://www.sec.gov/Archives/edgar/data/1099219/000093783418000005/0000937834-18-000005-index.htm,https://www.sec.gov/Archives/edgar/data/1099219/000093783418000005/met-20171231x10k.htm
2017-09-30,MET,2017-11-06,2017-11-06 06:14:14,Q3,12801000000,8762000000,4039000000,0.31552222482618547,0.0,979000000,0.0,1302000000,2281000000,11043000000,260000000,0.0,663000000,0.0517928286853,663000000,0.0517928286853,0.0,663000000,0.0517928286853,280000000,-81000000,-0.00632763065386,-0.07,-0.07,1075500000,1084000000,https://www.sec.gov/Archives/edgar/data/1099219/000093783417000031/0000937834-17-000031-index.htm,https://www.sec.gov/Archives/edgar/data/1099219/000093783417000031/met-2017930x10q.htm
2017-06-30,MET,2017-08-04,2017-08-03 21:10:26,Q2,17245000000,10302000000,6943000000,0.4026094520150768,0.0,1134000000,0.0,2925000000,4059000000,14361000000,295000000,0.0,1002000000,0.0581037982024,1002000000,0.0581037982024,0.0,1002000000,0.0581037982024,115000000,884000000,0.0512612351406,0.78,0.77,1082100000,1090400000,https://www.sec.gov/Archives/edgar/data/1099219/000093783417000024/0000937834-17-000024-index.htm,https://www.sec.gov/Archives/edgar/data/1099219/000093783417000024/met-2017630x10q.htm
2017-03-31,MET,2017-05-05,2017-05-04 18:36:55,Q1,16269000000,9859000000,6410000000,0.3940008605323007,0.0,1189000000,0.0,2375000000,3564000000,13423000000,296000000,0.0,817000000,0.0502182064048,817000000,0.0502182064048,0.0,817000000,0.0502182064048,252000000,826000000,0.050771405741,0.75,0.75,1090400000,1098700000,https://www.sec.gov/Archives/edgar/data/1099219/000093783417000012/0000937834-17-000012-index.htm,https://www.sec.gov/Archives/edgar/data/1099219/000093783417000012/met-2017331x10q.htm
2016-12-31,MET,2017-03-01,2017-02-28 19:01:06,FY,12076000000,9997000000,2079000000,0.1721596555150712,0.0,1185000000,0.0,2518000000,3703000000,13700000000,242000000,1762000000,1846000000,0.04458721800879185,84000000,0.0020288874933578087,0.0,-915000000,-0.02210038162407613,-1719000000,804000000,0.019419351722139027,-1.94,-1.92,1100500000,1108500000,https://www.sec.gov/Archives/edgar/data/1099219/000093783417000003/0000937834-17-000003-index.htm,https://www.sec.gov/Archives/edgar/data/1099219/000093783417000003/met-12312016x10k.htm
2016-09-30,MET,2016-11-03,2016-11-03 17:02:41,Q3,17723000000,10855000000,6868000000,0.3875190430514021,0.0,1101000000,0.0,2827000000,3928000000,14783000000,292000000,0.0,548000000,0.0309202730915,548000000,0.0309202730915,0.0,548000000,0.0309202730915,720000000,577000000,0.0325565649156,0.52,0.51,1100558083,1109003160,https://www.sec.gov/Archives/edgar/data/1099219/000093783416000140/0000937834-16-000140-index.htm,https://www.sec.gov/Archives/edgar/data/1099219/000093783416000140/met-2016930x10q.htm
2016-06-30,MET,2016-08-05,2016-08-04 21:18:39,Q2,15244000000,10274000000,4970000000,0.3260299134085542,0.0,1189000000,0.0,2057000000,3246000000,13520000000,306000000,0.0,285000000,0.016809200825715128,285000000,0.016809200825715128,0.0,285000000,0.016809200825715128,285000000,110000000,0.0072159538179,0.06,0.06,1100582221,1108874960,https://www.sec.gov/Archives/edgar/data/1099219/000093783416000121/0000937834-16-000121-index.htm,https://www.sec.gov/Archives/edgar/data/1099219/000093783416000121/met-2016630x10q.htm
2016-03-31,MET,2016-05-06,2016-05-05 18:15:45,Q1,18433000000,9678000000,8755000000,0.4749633808929637,0.0,1310000000,0.0,2882000000,4192000000,13870000000,312000000,0.0,2922000000,0.15852004557,2922000000,0.15852004557,0.0,2922000000,0.15852004557,719000000,2201000000,0.119405414203,1.99,1.98,1100836608,1108621697,https://www.sec.gov/Archives/edgar/data/1099219/000093783416000099/0000937834-16-000099-index.htm,https://www.sec.gov/Archives/edgar/data/1099219/000093783416000099/met-2016331x10q.htm
2015-12-31,MET,2016-02-25,2016-02-24 21:18:04,FY,17044000000,9771000000,7273000000,0.4267190800281624,0.0,1232000000,0.0,2872000000,4104000000,13875000000,263000000,1834000000,2969000000,0.174196198076,1135000000,0.0665923492138,0.0,1135000000,0.0665923492138,293000000,834000000,0.0489321755456,0.71,0.71,1117775843,1128343385,https://www.sec.gov/Archives/edgar/data/1099219/000093783416000077/0000937834-16-000077-index.htm,https://www.sec.gov/Archives/edgar/data/1099219/000093783416000077/met-12312015x10k.htm
2015-09-30,MET,2015-11-05,2015-11-05 16:24:36,Q3,18031000000,10334000000,7697000000,0.42687593588819256,0.0,1157000000,0.0,3376000000,4533000000,14867000000,302000000,0.0,2163000000,0.11996006877,2163000000,0.11996006877,0.0,2163000000,0.11996006877,965000000,1203000000,0.0667184293716,1.07,1.06,1120130708,1130706319,https://www.sec.gov/Archives/edgar/data/1099219/000093783415000059/0000937834-15-000059-index.htm,https://www.sec.gov/Archives/edgar/data/1099219/000093783415000059/met-2015930x10q.htm
2015-06-30,MET,2015-08-06,2015-08-06 16:13:05,Q2,16166000000,9352000000,6814000000,0.4215019176048497,0.0,1258000000,0.0,2814000000,4072000000,13424000000,308000000,0.0,1113000000,0.0688481999258,1113000000,0.0688481999258,0.0,1113000000,0.0688481999258,539000000,1115000000,0.0689719163677,0.94,0.93,1120801928,1131122825,https://www.sec.gov/Archives/edgar/data/1099219/000093783415000046/0000937834-15-000046-index.htm,https://www.sec.gov/Archives/edgar/data/1099219/000093783415000046/met-2015630x10q.htm
2015-03-31,MET,2015-05-08,2015-05-08 16:27:59,Q1,18710000000,9257000000,9453000000,0.505237840726884,0.0,1291000000,0.0,2769000000,4060000000,13317000000,298000000,0.0,3059000000,0.163495456975,3059000000,0.163495456975,0.0,3059000000,0.163495456975,896000000,2158000000,0.1153393907,1.89,1.87,1125703588,1135761118,https://www.sec.gov/Archives/edgar/data/1099219/000093783415000027/0000937834-15-000027-index.htm,https://www.sec.gov/Archives/edgar/data/1099219/000093783415000027/met-2015331x10q.htm
2014-12-31,MET,2015-02-27,2015-02-26 19:20:05,FY,19119000000,10278000000,8841000000,0.46241958261415345,0.0,1258000000,0.0,3230000000,4488000000,14766000000,232000000,1324000000,3400000000,0.177833568701,2076000000,0.108583084889,0.0,2076000000,0.108583084889,549000000,1521000000,0.0795543699984,1.31,1.3,1128671410,1142463448,https://www.sec.gov/Archives/edgar/data/1099219/000093783415000009/0000937834-15-000009-index.htm,https://www.sec.gov/Archives/edgar/data/1099219/000093783415000009/met-12312014x10k.htm
2014-09-30,MET,2014-11-06,2014-11-06 17:09:52,Q3,18846000000,9512000000,9334000000,0.49527751246948953,0.0,1221000000,0.0,2997000000,4218000000,13730000000,295000000,0.0,2952000000,0.156638013372,2952000000,0.156638013372,0.0,2952000000,0.156638013372,858000000,2094000000,0.111111111111,1.83,1.81,1126280770,1140847583,https://www.sec.gov/Archives/edgar/data/1099219/000093783414000066/0000937834-14-000066-index.htm,https://www.sec.gov/Archives/edgar/data/1099219/000093783414000066/met-2014930x10q.htm
2014-06-30,MET,2014-08-08,2014-08-07 21:05:43,Q2,18266000000,9988000000,8278000000,0.4531917223256323,0.0,1210000000,0.0,3012000000,4222000000,14210000000,312000000,0.0,1950000000,0.106755721012,1950000000,0.106755721012,0.0,1950000000,0.106755721012,574000000,1366000000,0.0747837512318,1.19,1.17,1126876090,1140785830,https://www.sec.gov/Archives/edgar/data/1099219/000093783414000041/0000937834-14-000041-index.htm,https://www.sec.gov/Archives/edgar/data/1099219/000093783414000041/met-2014630x10q.htm
2014-03-31,MET,2014-05-08,2014-05-07 17:39:49,Q1,17085000000,9324000000,7761000000,0.45425812115891134,0.0,1205000000,0.0,2958000000,4163000000,13487000000,312000000,0.0,1826000000,0.106877377817,1826000000,0.106877377817,0.0,1826000000,0.106877377817,484000000,1328000000,0.0777290020486,1.15,1.14,1126922641,1140466038,https://www.sec.gov/Archives/edgar/data/1099219/000093783414000029/0000937834-14-000029-index.htm,https://www.sec.gov/Archives/edgar/data/1099219/000093783414000029/met-2014331x10q.htm
2013-12-31,MET,2014-02-27,2014-02-26 20:38:57,FY,18458000000,10280000000,8178000000,0.4430599198179651,0.0,1280000000,0.0,3182000000,4462000000,14742000000,163000000,714000000,1982000000,0.107378914292,1268000000,0.0686965001625,0.0,1268000000,0.0686965001625,353000000,908000000,0.049192761946,0.79,0.77,1105579693,1116202710,https://www.sec.gov/Archives/edgar/data/1099219/000093783414000011/0000937834-14-000011-index.htm,https://www.sec.gov/Archives/edgar/data/1099219/000093783414000011/met-12312013x10k.htm
2013-09-30,MET,2013-11-07,2013-11-06 19:01:26,Q3,49741000000,27827000000,21914000000,0.440562111738807,0.0,3828000000,0.0,8312000000,12140000000,39967000000,959000000,0.0,2784000000,0.0559699242074,2784000000,0.0559699242074,0.0,2784000000,0.0559699242074,308000000,2460000000,0.0494561830281,2.15,2.14,1099496305,1108881302,https://www.sec.gov/Archives/edgar/data/1099219/000073702613000010/0000737026-13-000010-index.htm,https://www.sec.gov/Archives/edgar/data/1099219/000073702613000010/met-2013930x10q.htm
2013-06-30,MET,2013-08-07,2013-08-07 17:12:54,Q2,17042000000,0.0,17042000000,1.0,0.0,0.0,0.0,14795000000,14795000000,14795000000,0.0,0.0,623000000,0.036556742166412394,623000000,0.036556742166412394,0.0,623000000,0.036556742166412394,623000000,0.0,0.0,0.0,0.0,0.0,0.0,https://www.sec.gov/Archives/edgar/data/1099219/000119312513324494/0001193125-13-324494-index.htm,https://www.sec.gov/Archives/edgar/data/1099219/000119312513324494/d574216d10q.htm
2013-03-31,MET,2013-05-07,2013-05-07 17:12:40,Q1,16975000000,0.0,16975000000,1.0,0.0,0.0,0.0,14664000000,14664000000,14664000000,0.0,0.0,646000000,0.0380559646539028,646000000,0.0380559646539028,0.0,646000000,0.0380559646539028,646000000,0.0,0.0,0.0,0.0,34050000000,34050000000,https://www.sec.gov/Archives/edgar/data/1099219/000119312513204734/0001193125-13-204734-index.htm,https://www.sec.gov/Archives/edgar/data/1099219/000119312513204734/d518446d10q.htm
2012-12-31,MET,2013-02-27,2013-02-26 21:13:26,FY,18158000000,0.0,18158000000,1.0,0.0,0.0,0.0,-26075000000,-43830000000,-43830000000,0.0,0.0,-444000000,-0.024452032162132393,-444000000,-0.024452032162132393,0.0,-316000000,-0.017402797664941072,-1630000000,1362000000,0.0750082608216764,0.0,0.0,0.0,0.0,https://www.sec.gov/Archives/edgar/data/1099219/000119312513077792/0001193125-13-077792-index.htm,https://www.sec.gov/Archives/edgar/data/1099219/000119312513077792/d450627d10k.htm
2012-09-30,MET,2012-11-07,2012-11-07 17:08:45,Q3,16513000000,0.0,16513000000,1.0,0.0,0.0,0.0,14475000000,14475000000,14475000000,0.0,0.0,584000000,0.03536607521346818,584000000,0.03536607521346818,0.0,584000000,0.03536607521346818,584000000,0.0,0.0,0.0,0.0,0.0,0.0,https://www.sec.gov/Archives/edgar/data/1099219/000119312512457730/0001193125-12-457730-index.htm,https://www.sec.gov/Archives/edgar/data/1099219/000119312512457730/d400197d10q.htm
2012-06-30,MET,2012-08-07,2012-08-07 17:06:04,Q2,33174000000,0.0,33174000000,1.0,0.0,0.0,0.0,28832000000,28832000000,28832000000,0.0,0.0,1354000000,0.04081509615964309,1354000000,0.04081509615964309,0.0,1354000000,0.04081509615964309,1354000000,0.0,0.0,0.0,0.0,0.0,0.0,https://www.sec.gov/Archives/edgar/data/1099219/000119312512341187/0001193125-12-341187-index.htm,https://www.sec.gov/Archives/edgar/data/1099219/000119312512341187/d358786d10q.htm
2012-03-31,MET,2012-05-08,2012-05-08 16:47:29,Q1,305000000,0.0,305000000,1.0,0.0,0.0,0.0,523000000,523000000,523000000,0.0,0.0,-180000000,-0.5901639344262295,-180000000,-0.5901639344262295,0.0,-180000000,-0.5901639344262295,-180000000,0.0,0.0,0.0,0.0,0.0,0.0,https://www.sec.gov/Archives/edgar/data/1099219/000119312512218690/0001193125-12-218690-index.htm,https://www.sec.gov/Archives/edgar/data/1099219/000119312512218690/d294978d10q.htm
2011-12-31,MET,2012-02-28,2012-02-28 17:09:43,FY,1045000000,0.0,1045000000,1.0,0.0,0.0,0.0,1580000000,1580000000,1580000000,0.0,0.0,-366000000,-0.35023923444976074,-366000000,-0.35023923444976074,0.0,-366000000,-0.35023923444976074,-366000000,0.0,0.0,0.0,0.0,0.0,0.0,https://www.sec.gov/Archives/edgar/data/1099219/000119312512085720/0001193125-12-085720-index.htm,https://www.sec.gov/Archives/edgar/data/1099219/000119312512085720/d302570d10k.htm
2011-09-30,MET,2011-11-04,2011-11-04 17:20:10,Q3,1890000000,0.0,1890000000,1.0,0.0,0.0,0.0,1729000000,1729000000,1729000000,0.0,0.0,57000000,0.03015873015873016,57000000,0.03015873015873016,0.0,57000000,0.03015873015873016,57000000,0.0,0.0,0.0,0.0,0.0,0.0,https://www.sec.gov/Archives/edgar/data/1099219/000095012311095417/0000950123-11-095417-index.htm,https://www.sec.gov/Archives/edgar/data/1099219/000095012311095417/y91773e10vq.htm
2011-06-30,MET,2011-08-05,2011-08-05 07:33:02,Q2,2868000000,0.0,2868000000,1.0,0.0,0.0,0.0,2092000000,2092000000,2092000000,0.0,0.0,336000000,0.11715481171548117,336000000,0.11715481171548117,0.0,336000000,0.11715481171548117,336000000,0.0,0.0,0.0,0.0,0.0,0.0,https://www.sec.gov/Archives/edgar/data/1099219/000095012311073255/0000950123-11-073255-index.htm,https://www.sec.gov/Archives/edgar/data/1099219/000095012311073255/y91293e10vq.htm
2011-03-31,MET,2011-05-10,2011-05-09 19:30:24,Q1,514000000,0.0,514000000,1.0,0.0,0.0,0.0,655000000,655000000,655000000,0.0,0.0,-114000000,-0.22178988326848248,-114000000,-0.22178988326848248,0.0,-114000000,-0.22178988326848248,-114000000,0.0,0.0,0.0,0.0,0.0,0.0,https://www.sec.gov/Archives/edgar/data/1099219/000095012311047631/0000950123-11-047631-index.htm,https://www.sec.gov/Archives/edgar/data/1099219/000095012311047631/y90044te10vq.htm
2010-12-31,MET,2011-02-25,2011-02-24 20:25:14,FY,48216000000,0.0,48216000000,1.0,0.0,0.0,0.0,9142000000,-3661000000,-3661000000,0.0,0.0,2483000000,0.05149742823958852,2483000000,0.05149742823958852,0.0,1181000000,0.07599137215861955,1181000000,2786000000,0.057781649245063876,0.0,0.0,0.0,0.0,https://www.sec.gov/Archives/edgar/data/1099219/000095012311018077/0000950123-11-018077-index.htm,https://www.sec.gov/Archives/edgar/data/1099219/000095012311018077/y87657e10vk.htm
2010-09-30,MET,2010-11-04,2010-11-04 16:54:33,Q3,1355000000,0.0,1355000000,1.0,0.0,0.0,0.0,913000000,913000000,913000000,0.0,0.0,192000000,0.14169741697416974,192000000,0.14169741697416974,0.0,192000000,0.14169741697416974,192000000,0.0,0.0,0.0,0.0,0.0,0.0,https://www.sec.gov/Archives/edgar/data/1099219/000095012310100992/0000950123-10-100992-index.htm,https://www.sec.gov/Archives/edgar/data/1099219/000095012310100992/y86084qe10vq.htm
2010-06-30,MET,2010-08-02,2010-08-02 06:11:33,Q2,956000000,0.0,956000000,1.0,0.0,0.0,0.0,909000000,909000000,909000000,0.0,0.0,-21000000,-0.021966527196652718,-21000000,-0.021966527196652718,0.0,-21000000,-0.021966527196652718,-21000000,0.0,0.0,0.0,0.0,0.0,0.0,https://www.sec.gov/Archives/edgar/data/1099219/000095012310070688/0000950123-10-070688-index.htm,https://www.sec.gov/Archives/edgar/data/1099219/000095012310070688/y84676e10vq.htm
2010-03-31,MET,2010-05-05,2010-05-05 16:09:13,Q1,2190000000,0.0,2190000000,1.0,0.0,0.0,0.0,1839000000,1839000000,1839000000,0.0,0.0,123000000,0.056164383561643834,123000000,0.056164383561643834,0.0,123000000,0.056164383561643834,123000000,0.0,0.0,0.0,0.0,0.0,0.0,https://www.sec.gov/Archives/edgar/data/1099219/000095012310044487/0000950123-10-044487-index.htm,https://www.sec.gov/Archives/edgar/data/1099219/000095012310044487/y83751e10vq.htm
2009-12-31,MET,2010-02-26,2010-02-26 17:02:31,FY,12341000000,0.0,12341000000,1.0,0.0,0.0,0.0,2980000000,0.0,0.0,0.0,0.0,310000000,0.025119520298193015,310000000,0.025119520298193015,0.0,179000000,0.014504497204440484,-131000000,313000000,0.025362612430111012,0.0,0.0,0.0,0.0,https://www.sec.gov/Archives/edgar/data/1099219/000095012310018284/0000950123-10-018284-index.htm,https://www.sec.gov/Archives/edgar/data/1099219/000095012310018284/y81517e10vk.htm
2009-09-30,MET,2009-11-04,2009-11-03 21:45:54,Q3,10235000000,0.0,10235000000,1.0,0.0,0.0,0.0,2543000000,0.0,0.0,0.0,-259000000,-885000000,-0.08646800195407914,-626000000,-0.06116267708842208,0.0,-1178000000,-0.115095261358085,-552000000,-625000000,-0.06106497313141182,0.0,0.0,0.0,0.0,https://www.sec.gov/Archives/edgar/data/1099219/000095012309057114/0000950123-09-057114-index.htm,https://www.sec.gov/Archives/edgar/data/1099219/000095012309057114/y79748e10vq.htm
2009-06-30,MET,2009-08-04,2009-08-04 06:16:05,Q2,8266000000,0.0,8266000000,1.0,0.0,0.0,0.0,2031000000,0.0,0.0,0.0,130000000,-1288000000,-0.15581901766271475,-1418000000,-0.17154609242680863,0.0,-2374000000,-0.2872005806919913,-956000000,-1418000000,-0.17154609242680863,0.0,0.0,0.0,0.0,https://www.sec.gov/Archives/edgar/data/1099219/000095012309029190/0000950123-09-029190-index.htm,https://www.sec.gov/Archives/edgar/data/1099219/000095012309029190/y78491e10vq.htm
2009-03-31,MET,2009-05-07,2009-05-07 06:05:53,Q1,10216000000,0.0,10216000000,1.0,0.0,0.0,0.0,3002000000,0.0,0.0,0.0,129000000,-455000000,-0.044537979639780734,-584000000,-0.05716523101018011,0.0,-960000000,-0.09397024275646046,-376000000,-548000000,-0.05364134690681284,0.0,0.0,0.0,0.0,https://www.sec.gov/Archives/edgar/data/1099219/000095012309008183/0000950123-09-008183-index.htm,https://www.sec.gov/Archives/edgar/data/1099219/000095012309008183/y76874e10vq.htm
2008-12-31,MET,2009-03-02,2009-02-27 20:20:55,FY,11000000,0.0,11000000,1.0,0.0,0.0,0.0,0.0,0.0,0.0,0.0,0.0,7000000.0,0.6363636363636364,7000000.0,0.6363636363636364,0.0,4000000.0,0.36363636363636365,4000000.0,0.0,0.0,0.0,0.0,0.0,0.0,https://www.sec.gov/Archives/edgar/data/1099219/000095012309003725/0000950123-09-003725-index.htm,https://www.sec.gov/Archives/edgar/data/1099219/000095012309003725/y74655e10vk.htm
2008-09-30,MET,2008-11-07,2008-11-06 21:56:23,Q3,10363000000,0.0,10363000000,1.0,0.0,0.0,0.0,2452000000,0.0,0.0,0.0,0.0,969000000,0.09350574158062337,969000000,0.09350574158062337,0.0,1449000000,0.13982437518093216,480000000,630000000,0.06079320660040529,0.0,0.0,0.0,0.0,https://www.sec.gov/Archives/edgar/data/1099219/000095012308014622/0000950123-08-014622-index.htm,https://www.sec.gov/Archives/edgar/data/1099219/000095012308014622/y72177e10vq.htm
2008-06-30,MET,2008-08-04,2008-08-04 06:21:10,Q2,26741000000,0.0,26741000000,1.0,0.0,0.0,0.0,5639000000,0.0,0.0,0.0,0.0,1594000000,0.05960884035750346,1594000000,0.05960884035750346,0.0,2192000000,0.08197150443139747,598000000,1594000000,0.05960884035750346,0.0,0.0,0.0,0.0,https://www.sec.gov/Archives/edgar/data/1099219/000095012308008734/0000950123-08-008734-index.htm,https://www.sec.gov/Archives/edgar/data/1099219/000095012308008734/y63995e10vq.htm
2008-03-31,MET,2008-05-09,2008-05-09 06:07:51,Q1,0.0,0.0,0.0,0.0,0.0,0.0,0.0,0.0,0.0,0.0,0.0,0.0,0.0,0.0,0.0,0.0,0.0,0.0,0.0,0.0,0.0,0.0,0.0,0.0,0.0,0.0,https://www.sec.gov/Archives/edgar/data/1099219/000095012308005372/0000950123-08-005372-index.htm,https://www.sec.gov/Archives/edgar/data/1099219/000095012308005372/y57313e10vq.htm
2007-12-31,MET,2008-02-28,2008-02-28 17:01:18,FY,29000000,0.0,29000000,1.0,0.0,0.0,0.0,0.0,0.0,0.0,0.0,0.0,18000000,0.6206896551724138,18000000,0.6206896551724138,0.0,11000000,0.3793103448275862,11000000,0.0,0.0,0.0,0.0,0.0,0.0,https://www.sec.gov/Archives/edgar/data/1099219/000095012308002274/0000950123-08-002274-index.htm,https://www.sec.gov/Archives/edgar/data/1099219/000095012308002274/y48170e10vk.htm
2007-09-30,MET,2007-11-05,2007-11-05 16:13:22,Q3,13055000000,0.0,13055000000,1.0,0.0,0.0,0.0,2757000000,0.0,0.0,0.0,0.0,985000000,0.07545001914975105,985000000,0.07545001914975105,0.0,1387000000,0.10624281884335504,402000000,1019000000,0.07805438529299119,0.0,0.0,0.0,0.0,https://www.sec.gov/Archives/edgar/data/1099219/000095012307014869/0000950123-07-014869-index.htm,https://www.sec.gov/Archives/edgar/data/1099219/000095012307014869/y41440e10vq.htm
2007-06-30,MET,2007-08-03,2007-08-03 17:21:56,Q2,13219000000,0.0,13219000000,1.0,0.0,0.0,0.0,2834000000,0.0,0.0,0.0,0.0,1156000000,0.08744988274453439,1156000000,0.08744988274453439,0.0,1633000000,0.1235343066797791,477000000,1163000000,0.08797942355700128,0.0,0.0,0.0,0.0,https://www.sec.gov/Archives/edgar/data/1099219/000095012307010822/0000950123-07-010822-index.htm,https://www.sec.gov/Archives/edgar/data/1099219/000095012307010822/y37646e10vq.htm
2007-03-31,MET,2007-05-04,2007-05-04 17:12:09,Q1,12912000000,0.0,12912000000,1.0,0.0,0.0,0.0,2896000000,0.0,0.0,0.0,0.0,1027000000,0.07953841387856257,1027000000,0.07953841387856257,0.0,1443000000,0.11175650557620818,416000000,1017000000,0.0787639405204461,0.0,0.0,0.0,0.0,https://www.sec.gov/Archives/edgar/data/1099219/000095012307006803/0000950123-07-006803-index.htm,https://www.sec.gov/Archives/edgar/data/1099219/000095012307006803/y33629e10vq.htm
2006-12-31,MET,2007-03-01,2007-03-01 16:58:25,FY,44705000000,0.0,44705000000,1.0,0.0,0.0,0.0,9925000000,0.0,0.0,0.0,0.0,2976000000,0.06656973492897886,2976000000,0.06656973492897886,0.0,4092000000,0.09153338552734594,1070000000,6210000000,0.13891063639413936,0.0,0.0,0.0,0.0,https://www.sec.gov/Archives/edgar/data/1099219/000095012307003039/0000950123-07-003039-index.htm,https://www.sec.gov/Archives/edgar/data/1099219/000095012307003039/y30660e10vk.htm
