date,symbol,fillingDate,acceptedDate,period,revenue,costOfRevenue,grossProfit,grossProfitRatio,researchAndDevelopmentExpenses,generalAndAdministrativeExpenses,sellingAndMarketingExpenses,otherExpenses,operatingExpenses,costAndExpenses,interestExpense,depreciationAndAmortization,ebitda,ebitdaratio,operatingIncome,operatingIncomeRatio,totalOtherIncomeExpensesNet,incomeBeforeTax,incomeBeforeTaxRatio,incomeTaxExpense,netIncome,netIncomeRatio,eps,epsdiluted,weightedAverageShsOut,weightedAverageShsOutDil,link,finalLink
2020-03-31,MMM,2020-04-28,2020-04-28 15:23:50,Q1,8075000000,4109000000,3966000000,0.4911455108359133,537000000,1768000000,0.0,4107000000,2305000000,6412000000,123000000,440000000,2103000000,0.260433436533,1663000000,0.205944272446,96000000,1567000000,0.194055727554,273000000,1292000000,0.16,2.24,2.22,576800000,581500000,https://www.sec.gov/Archives/edgar/data/66740/000155837020004478/0001558370-20-004478-index.htm,https://www.sec.gov/Archives/edgar/data/66740/000155837020004478/mmm-20200428x10q.htm
2019-12-31,MMM,2020-02-06,2020-02-06 16:16:31,FY,8111000000,4325000000,3786000000,0.4667735174454445,521000000,1940000000,0.0,4325000000,2461000000,6786000000,124000000,463000000,1788000000,0.220441375909,1325000000,0.16335840217,113000000,1212000000,0.149426704475,242000000,969000000,0.119467389964,1.68,1.66,577000000,585100000,https://www.sec.gov/Archives/edgar/data/66740/000155837020000581/0001558370-20-000581-index.htm,https://www.sec.gov/Archives/edgar/data/66740/000155837020000581/mmm-20191231x10k62bf35.htm
2019-09-30,MMM,2019-10-25,2019-10-25 14:04:26,Q3,7991000000,4188000000,3803000000,0.475910399199099,443000000,1455000000,0.0,4082000000,1898000000,5980000000,109000000,379000000,2390000000,0.299086472281,2011000000,0.25165811538,45000000,1966000000,0.246026780128,378000000,1583000000,0.198097860093,2.75,2.71,577200000,585900000,https://www.sec.gov/Archives/edgar/data/66740/000155837019009143/0001558370-19-009143-index.htm,https://www.sec.gov/Archives/edgar/data/66740/000155837019009143/mmm-20190930x10q.htm
2019-06-30,MMM,2019-07-26,2019-07-26 13:12:59,Q2,8171000000,4313000000,3858000000,0.4721576306449639,470000000,1686000000,0.0,4313000000,2156000000,6469000000,111000000,376000000,2078000000,0.25431403745,1702000000,0.208297637988,256000000,1446000000,0.176967323461,315000000,1127000000,0.137926814343,1.95,1.93,577600000,587300000,https://www.sec.gov/Archives/edgar/data/66740/000155837019006397/0001558370-19-006397-index.htm,https://www.sec.gov/Archives/edgar/data/66740/000155837019006397/mmm-20190630x10q.htm
2019-03-31,MMM,2019-04-26,2019-04-26 16:11:39,Q1,7863000000,4310000000,3553000000,0.4518631565560219,477000000,1948000000,0.0,4302000000,2425000000,6727000000,104000000,375000000,1511000000,0.19216584001,1136000000,0.144474119293,48000000,1088000000,0.138369579041,195000000,891000000,0.113315528424,1.54,1.51,577500000,588500000,https://www.sec.gov/Archives/edgar/data/66740/000155837019003408/0001558370-19-003408-index.htm,https://www.sec.gov/Archives/edgar/data/66740/000155837019003408/mmm-20190331x10q.htm
2018-12-31,MMM,2019-02-07,2019-02-07 17:15:37,FY,7945000000,4060000000,3885000000,0.4889867841409692,437000000,1682000000,0.0,4043000000,2119000000,6162000000,95000000,371000000,2154000000,0.271113908118,1783000000,0.224417872876,63000000,1720000000,0.216488357458,371000000,1347000000,0.169540591567,2.32,2.28,588500000,602000000,https://www.sec.gov/Archives/edgar/data/66740/000155837019000470/0001558370-19-000470-index.htm,https://www.sec.gov/Archives/edgar/data/66740/000155837019000470/mmm-20181231x10k.htm
2018-09-30,MMM,2018-10-25,2018-10-25 16:57:57,Q3,8152000000,4159000000,3993000000,0.48981844946025516,430000000,1547000000,0.0,4159000000,1977000000,6136000000,85000000,355000000,2371000000,0.290848871443,2016000000,0.247301275761,51000000,1965000000,0.241045142296,419000000,1543000000,0.189278704612,2.63,2.57,591100000,605100000,https://www.sec.gov/Archives/edgar/data/66740/000155837018007892/0001558370-18-007892-index.htm,https://www.sec.gov/Archives/edgar/data/66740/000155837018007892/mmm-20180930x10q.htm
2018-06-30,MMM,2018-07-26,2018-07-26 16:29:12,Q2,8390000000,4227000000,4163000000,0.4961859356376639,468000000,1800000000,0.0,3721000000,2268000000,5989000000,88000000,380000000,2781000000,0.331466030989,2401000000,0.286174016687,51000000,2350000000,0.280095351609,488000000,1857000000,0.221334922527,3.13,3.06,593800000,608500000,https://www.sec.gov/Archives/edgar/data/66740/000155837018005773/0001558370-18-005773-index.htm,https://www.sec.gov/Archives/edgar/data/66740/000155837018005773/mmm-20180630x10q.htm
2018-03-31,MMM,2018-05-08,2018-05-08 11:26:28,Q1,8278000000,4236000000,4042000000,0.4882821937666103,486000000,2573000000,0.0,4212000000,3059000000,7271000000,82000000,382000000,1389000000,0.167794153177,1007000000,0.121647741,42000000,965000000,0.116574051703,359000000,602000000,0.0727228799227,1.01,0.98,596200000,612700000,https://www.sec.gov/Archives/edgar/data/66740/000155837018004248/0001558370-18-004248-index.htm,https://www.sec.gov/Archives/edgar/data/66740/000155837018004248/mmm-20180331x10q.htm
2017-12-31,MMM,2018-02-08,2018-02-08 17:14:52,FY,7990000000,4080000000,3910000000,0.48936170212765956,443000000,1742000000,0.0,3984000000,2029000000,6169000000,166000000,349000000,2170000000,0.271589486859,1821000000,0.227909887359,272000000,1672000000,0.209261576971,1147000000,523000000,0.0654568210263,0.88,0.85,597500000,612700000,https://www.sec.gov/Archives/edgar/data/66740/000155837018000535/0001558370-18-000535-index.htm,https://www.sec.gov/Archives/edgar/data/66740/000155837018000535/mmm-20171231x10k.htm
2017-09-30,MMM,2017-10-31,2017-10-31 15:28:45,Q3,8172000000,4045000000,4127000000,0.505017131669114,463000000,1623000000,0.0,57000000,2143000000,6131000000,57000000,377000000,2418000000,0.295888399413,2041000000,0.24975526187,-44000000,1997000000,0.244371023005,564000000,1429000000,0.174865394028,2.39,2.34,597900000,612500000,https://www.sec.gov/Archives/edgar/data/66740/000155837017007801/0001558370-17-007801-index.htm,https://www.sec.gov/Archives/edgar/data/66740/000155837017007801/mmm-20170930x10q.htm
2017-06-30,MMM,2017-08-01,2017-08-01 15:35:22,Q2,7810000000,4007000000,3803000000,0.48693982074263764,473000000,1636000000,0.0,54000000,2163000000,5626000000,54000000,380000000,2564000000,0.328297055058,2184000000,0.279641485275,-42000000,2142000000,0.274263764405,557000000,1583000000,0.202688860435,2.65,2.58,598100000,612400000,https://www.sec.gov/Archives/edgar/data/66740/000155837017005582/0001558370-17-005582-index.htm,https://www.sec.gov/Archives/edgar/data/66740/000155837017005582/mmm-20170630x10q.htm
2017-03-31,MMM,2017-05-03,2017-05-03 16:22:20,Q1,7685000000,3869000000,3816000000,0.496551724137931,471000000,1571000000,0.0,45000000,2087000000,5911000000,45000000,438000000,2212000000,0.28783344177,1774000000,0.230839297332,-37000000,1737000000,0.226024723487,411000000,1323000000,0.172153545869,2.21,2.16,598100000,612000000,https://www.sec.gov/Archives/edgar/data/66740/000155837017003391/0001558370-17-003391-index.htm,https://www.sec.gov/Archives/edgar/data/66740/000155837017003391/mmm-20170331x10q.htm
2016-12-31,MMM,2017-02-09,2017-02-09 16:56:52,FY,7329000000,3716000000,3613000000,0.4929731204802838,421000000,1527000000,0.0,64000000,2012000000,5664000000,64000000,384000000,2049000000,0.279574293901,1665000000,0.227179697094,-55000000,1610000000,0.219675262655,454000000,1155000000,0.157593123209,1.92,1.88,604700000,618700000,https://www.sec.gov/Archives/edgar/data/66740/000155837017000479/0001558370-17-000479-index.htm,https://www.sec.gov/Archives/edgar/data/66740/000155837017000479/mmm-20161231x10k.htm
2016-09-30,MMM,2016-11-01,2016-11-01 10:38:40,Q3,7709000000,3847000000,3862000000,0.5009728888312363,427000000,1531000000,0.0,50000000,2008000000,5805000000,50000000,368000000,2272000000,0.294720456609,1904000000,0.246984044623,-42000000,1862000000,0.241535867168,531000000,1329000000,0.172395900895,2.2,2.15,606200000,620300000,https://www.sec.gov/Archives/edgar/data/66740/000155837016008937/0001558370-16-008937-index.htm,https://www.sec.gov/Archives/edgar/data/66740/000155837016008937/mmm-20160930x10q.htm
2016-06-30,MMM,2016-08-02,2016-08-02 14:20:53,Q2,7662000000,3799000000,3863000000,0.5041764552336204,437000000,1560000000,0.0,38000000,2035000000,5796000000,38000000,366000000,2232000000,0.291307752545,1866000000,0.24353954581,-31000000,1835000000,0.239493604803,542000000,1291000000,0.168493865831,2.13,2.08,607200000,621100000,https://www.sec.gov/Archives/edgar/data/66740/000155837016007105/0001558370-16-007105-index.htm,https://www.sec.gov/Archives/edgar/data/66740/000155837016007105/mmm-20160630x10q.htm
2016-03-31,MMM,2016-05-03,2016-05-03 16:58:47,Q1,7409000000,3678000000,3731000000,0.5035767310028344,450000000,1493000000,0.0,47000000,1990000000,5621000000,47000000,356000000,2144000000,0.289377783776,1788000000,0.241328114455,-42000000,1746000000,0.235659333243,468000000,1275000000,0.17208800108,2.1,2.05,607400000,621300000,https://www.sec.gov/Archives/edgar/data/66740/000155837016005213/0001558370-16-005213-index.htm,https://www.sec.gov/Archives/edgar/data/66740/000155837016005213/mmm-20160331x10q.htm
2015-12-31,MMM,2016-02-11,2016-02-11 17:16:40,FY,7298000000,3827000000,3471000000,0.47560975609756095,433000000,1538000000,0.0,45000000,2016000000,5798000000,45000000,397000000,1897000000,0.259934228556,1500000000,0.205535763223,-37000000,1463000000,0.200465881063,424000000,1038000000,0.14223074815,1.69,1.66,625600000,637200000,https://www.sec.gov/Archives/edgar/data/66740/000155837016003162/0001558370-16-003162-index.htm,https://www.sec.gov/Archives/edgar/data/66740/000155837016003162/mmm-20151231x10k.htm
2015-09-30,MMM,2015-10-29,2015-10-29 13:40:22,Q3,7712000000,3877000000,3835000000,0.49727697095435686,429000000,1530000000,0.0,38000000,1997000000,5836000000,38000000,355000000,2231000000,0.289289419087,1876000000,0.243257261411,-31000000,1845000000,0.239237551867,547000000,1296000000,0.168049792531,2.09,2.05,629400000,641200000,https://www.sec.gov/Archives/edgar/data/66740/000155837015002024/0001558370-15-002024-index.htm,https://www.sec.gov/Archives/edgar/data/66740/000155837015002024/mmm-20150930x10q.htm
2015-06-30,MMM,2015-07-30,2015-07-30 14:28:49,Q2,7686000000,3858000000,3828000000,0.49804839968774395,438000000,1550000000,0.0,35000000,2023000000,5846000000,35000000,344000000,2184000000,0.284153005464,1840000000,0.23939630497,-28000000,1812000000,0.235753317721,509000000,1300000000,0.169138693729,2.06,2.02,633800000,646100000,https://www.sec.gov/Archives/edgar/data/66740/000110465915054810/0001104659-15-054810-index.htm,https://www.sec.gov/Archives/edgar/data/66740/000110465915054810/a15-12072_110q.htm
2015-03-31,MMM,2015-04-30,2015-04-30 12:53:55,Q1,7578000000,3821000000,3757000000,0.4957772499340195,463000000,1564000000,0.0,31000000,2058000000,5848000000,31000000,339000000,2069000000,0.273027183954,1730000000,0.228292425442,-27000000,1703000000,0.224729480074,502000000,1199000000,0.158221166535,1.88,1.85,636200000,649200000,https://www.sec.gov/Archives/edgar/data/66740/000110465915032226/0001104659-15-032226-index.htm,https://www.sec.gov/Archives/edgar/data/66740/000110465915032226/a15-7844_110q.htm
2014-12-31,MMM,2015-02-12,2015-02-12 17:09:33,FY,7719000000,4027000000,3692000000,0.4783002979660578,436000000,1594000000,0.0,32000000,2062000000,6057000000,32000000,350000000,2012000000,0.260655525327,1662000000,0.215312864361,-24000000,1638000000,0.212203653323,459000000,1179000000,0.152739992227,1.85,1.82,649200000,662000000,https://www.sec.gov/Archives/edgar/data/66740/000110465915009560/0001104659-15-009560-index.htm,https://www.sec.gov/Archives/edgar/data/66740/000110465915009560/a15-1770_110k.htm
2014-09-30,MMM,2014-10-30,2014-10-30 17:07:38,Q3,8137000000,4205000000,3932000000,0.4832247757158658,434000000,1597000000,0.0,28000000,2059000000,6236000000,28000000,350000000,2251000000,0.276637581418,1901000000,0.233624185818,-21000000,1880000000,0.231043382082,569000000,1303000000,0.160132727049,2.01,1.97,652900000,665700000,https://www.sec.gov/Archives/edgar/data/66740/000110465914075312/0001104659-14-075312-index.htm,https://www.sec.gov/Archives/edgar/data/66740/000110465914075312/a14-19786_110q.htm
2014-06-30,MMM,2014-07-31,2014-07-31 17:22:46,Q2,8134000000,4184000000,3950000000,0.48561593312023604,448000000,1646000000,0.0,45000000,2139000000,6278000000,45000000,358000000,2214000000,0.272190804032,1856000000,0.228178018195,-36000000,1820000000,0.223752151463,537000000,1267000000,0.155765920826,1.94,1.91,656700000,669600000,https://www.sec.gov/Archives/edgar/data/66740/000110465914055558/0001104659-14-055558-index.htm,https://www.sec.gov/Archives/edgar/data/66740/000110465914055558/a14-14070_110q.htm
2014-03-31,MMM,2014-05-01,2014-05-01 16:10:21,Q1,7831000000,4031000000,3800000000,0.4852509258076874,452000000,1632000000,0.0,37000000,2121000000,6115000000,37000000,350000000,2066000000,0.263823266505,1716000000,0.219129102286,-28000000,1688000000,0.215553569148,463000000,1207000000,0.15413101775,1.83,1.79,661500000,674500000,https://www.sec.gov/Archives/edgar/data/66740/000110465914033499/0001104659-14-033499-index.htm,https://www.sec.gov/Archives/edgar/data/66740/000110465914033499/a14-9645_110q.htm
2013-12-31,MMM,2014-02-13,2014-02-13 16:16:20,FY,7569000000,3976000000,3593000000,0.47469943189324876,438000000,1576000000,0.0,32000000,2046000000,5990000000,32000000,357000000,1936000000,0.255780155899,1579000000,0.208614083763,-21000000,1558000000,0.205839608931,442000000,1103000000,0.145725987581,1.65,1.62,681900000,693600000,https://www.sec.gov/Archives/edgar/data/66740/000110465914009773/0001104659-14-009773-index.htm,https://www.sec.gov/Archives/edgar/data/66740/000110465914009773/a14-5644_110k.htm
2013-09-30,MMM,2013-10-31,2013-10-31 12:58:37,Q3,7916000000,4148000000,3768000000,0.47599797877716016,420000000,1609000000,0.0,33000000,2062000000,6177000000,33000000,343000000,2082000000,0.263011622031,1739000000,0.219681657403,-23000000,1716000000,0.21677614957,471000000,1230000000,0.155381505811,1.81,1.78,686400000,697700000,https://www.sec.gov/Archives/edgar/data/66740/000110465913079583/0001104659-13-079583-index.htm,https://www.sec.gov/Archives/edgar/data/66740/000110465913079583/a13-19634_110q.htm
2013-06-30,MMM,2013-08-01,2013-08-01 16:15:04,Q2,7752000000,4013000000,3739000000,0.4823271413828689,427000000,1610000000,0.0,41000000,2078000000,6050000000,41000000,335000000,2037000000,0.262770897833,1702000000,0.21955624355,-31000000,1671000000,0.215557275542,458000000,1197000000,0.154411764706,1.74,1.71,689600000,700600000,https://www.sec.gov/Archives/edgar/data/66740/000110465913058961/0001104659-13-058961-index.htm,https://www.sec.gov/Archives/edgar/data/66740/000110465913058961/a13-13757_110q.htm
2013-03-31,MMM,2013-05-02,2013-05-02 15:57:56,Q1,7634000000,3969000000,3665000000,0.48008907518993976,430000000,1589000000,0.0,39000000,2058000000,5988000000,39000000,336000000,1982000000,0.259627980089,1646000000,0.215614356825,-29000000,1617000000,0.21181556196,470000000,1129000000,0.147891013885,1.63,1.61,691100000,702100000,https://www.sec.gov/Archives/edgar/data/66740/000110465913036580/0001104659-13-036580-index.htm,https://www.sec.gov/Archives/edgar/data/66740/000110465913036580/a13-8437_110q.htm
2012-12-31,MMM,2013-02-14,2013-02-14 16:28:05,FY,7387000000,3991000000,3396000000,0.4597265466359821,418000000,1535000000,0.0,44000000,1997000000,5944000000,44000000,332000000,1775000000,0.240286990659,1443000000,0.195343170435,-34000000,1409000000,0.19074049005,405000000,991000000,0.134154595912,1.43,1.41,693900000,703300000,https://www.sec.gov/Archives/edgar/data/66740/000110465913010881/0001104659-13-010881-index.htm,https://www.sec.gov/Archives/edgar/data/66740/000110465913010881/a13-1203_110k.htm
2012-09-30,MMM,2012-11-01,2012-11-01 15:38:55,Q3,7497000000,3935000000,3562000000,0.4751233826864079,397000000,1487000000,0.0,44000000,1928000000,5819000000,44000000,322000000,2000000000,0.266773376017,1678000000,0.223822862478,-34000000,1644000000,0.219287715086,464000000,1161000000,0.154861944778,1.67,1.66,694700000,703900000,https://www.sec.gov/Archives/edgar/data/66740/000110465912073165/0001104659-12-073165-index.htm,https://www.sec.gov/Archives/edgar/data/66740/000110465912073165/a12-19916_110q.htm
2012-06-30,MMM,2012-08-02,2012-08-02 16:15:12,Q2,7534000000,3870000000,3664000000,0.48632864348287763,408000000,1528000000,0.0,43000000,1979000000,5806000000,43000000,321000000,2049000000,0.271967082559,1728000000,0.229360233608,-33000000,1695000000,0.224980090257,509000000,1167000000,0.154897796655,1.69,1.66,695500000,704400000,https://www.sec.gov/Archives/edgar/data/66740/000110465912053732/0001104659-12-053732-index.htm,https://www.sec.gov/Archives/edgar/data/66740/000110465912053732/a12-13723_110q.htm
2012-03-31,MMM,2012-05-03,2012-05-03 12:03:37,Q1,7486000000,3889000000,3597000000,0.4804969275981833,411000000,1552000000,0.0,40000000,2003000000,5852000000,40000000,313000000,1947000000,0.26008549292,1634000000,0.218274111675,-31000000,1603000000,0.214133048357,462000000,1125000000,0.150280523644,1.61,1.59,696800000,706100000,https://www.sec.gov/Archives/edgar/data/66740/000110465912032441/0001104659-12-032441-index.htm,https://www.sec.gov/Archives/edgar/data/66740/000110465912032441/a12-7680_110q.htm
2011-12-31,MMM,2012-02-16,2012-02-16 15:42:31,FY,7089000000,3824000000,3265000000,0.4605727182959515,379000000,1522000000,0.0,45000000,1946000000,5725000000,45000000,317000000,1681000000,0.237127944703,1364000000,0.192410777261,-35000000,1329000000,0.187473550571,355000000,954000000,0.134574693187,1.37,1.35,708500000,719000000,https://www.sec.gov/Archives/edgar/data/66740/000110465912010566/0001104659-12-010566-index.htm,https://www.sec.gov/Archives/edgar/data/66740/000110465912010566/a11-31280_110k.htm
2011-09-30,MMM,2011-11-03,2011-11-03 15:42:31,Q3,7531000000,4027000000,3504000000,0.46527685566325855,389000000,1534000000,0.0,48000000,1971000000,5950000000,48000000,311000000,1892000000,0.25122825654,1581000000,0.20993227991,-38000000,1543000000,0.20488646926,440000000,1088000000,0.144469525959,1.53,1.52,710900000,722800000,https://www.sec.gov/Archives/edgar/data/66740/000110465911060552/0001104659-11-060552-index.htm,https://www.sec.gov/Archives/edgar/data/66740/000110465911060552/a11-25257_110q.htm
2011-06-30,MMM,2011-08-04,2011-08-04 16:39:00,Q2,7680000000,4040000000,3640000000,0.4739583333333333,404000000,1581000000,0.0,50000000,2035000000,6025000000,50000000,319000000,1974000000,0.25703125,1655000000,0.215494791667,-41000000,1614000000,0.21015625,437000000,1160000000,0.151041666667,1.63,1.6,712500000,726400000,https://www.sec.gov/Archives/edgar/data/66740/000110465911043748/0001104659-11-043748-index.htm,https://www.sec.gov/Archives/edgar/data/66740/000110465911043748/a11-13699_110q.htm
2011-03-31,MMM,2011-05-05,2011-05-05 13:56:27,Q1,7311000000,3802000000,3509000000,0.4799617015456162,398000000,1533000000,0.0,43000000,1974000000,5733000000,43000000,289000000,1867000000,0.255368622623,1578000000,0.215839146492,-33000000,1545000000,0.211325400082,442000000,1081000000,0.14785938996,1.52,1.49,711500000,726400000,https://www.sec.gov/Archives/edgar/data/66740/000110465911026236/0001104659-11-026236-index.htm,https://www.sec.gov/Archives/edgar/data/66740/000110465911026236/a11-8394_110q.htm
2010-12-31,MMM,2011-02-16,2011-02-16 17:18:34,FY,6709000000,3575000000,3134000000,0.46713370099865853,388000000,1445000000,0.0,50000000,1883000000,5408000000,50000000,283000000,1584000000,0.236100760173,1301000000,0.193918616783,-39000000,1262000000,0.188105529885,319000000,928000000,0.138321657475,1.3,1.27,713700000,725500000,https://www.sec.gov/Archives/edgar/data/66740/000110465911007845/0001104659-11-007845-index.htm,https://www.sec.gov/Archives/edgar/data/66740/000110465911007845/a11-2060_110k.htm
2010-09-30,MMM,2010-11-05,2010-11-05 14:05:57,Q3,6874000000,3583000000,3291000000,0.4787605469886529,354000000,1361000000,0.0,51000000,1766000000,5298000000,51000000,278000000,1854000000,0.269711958103,1576000000,0.229269711958,-40000000,1536000000,0.223450683736,411000000,1106000000,0.160896130346,1.54,1.53,713400000,724800000,https://www.sec.gov/Archives/edgar/data/66740/000110465910056482/0001104659-10-056482-index.htm,https://www.sec.gov/Archives/edgar/data/66740/000110465910056482/a10-17224_110q.htm
2010-06-30,MMM,2010-08-04,2010-08-04 16:54:03,Q2,6731000000,3435000000,3296000000,0.48967463972663794,350000000,1350000000,0.0,52000000,1752000000,5135000000,52000000,272000000,1868000000,0.277521913534,1596000000,0.23711187045,-42000000,1554000000,0.230872084386,414000000,1121000000,0.166542861388,1.57,1.54,713100000,724600000,https://www.sec.gov/Archives/edgar/data/66740/000110465910041912/0001104659-10-041912-index.htm,https://www.sec.gov/Archives/edgar/data/66740/000110465910041912/a10-10544_110q.htm
2010-03-31,MMM,2010-05-05,2010-05-05 16:12:10,Q1,6348000000,3238000000,3110000000,0.48991808443604284,342000000,1323000000,0.0,48000000,1713000000,4903000000,48000000,287000000,1732000000,0.27284183995,1445000000,0.227630749842,-42000000,1403000000,0.221014492754,448000000,930000000,0.146502835539,1.31,1.29,711800000,723500000,https://www.sec.gov/Archives/edgar/data/66740/000110465910025776/0001104659-10-025776-index.htm,https://www.sec.gov/Archives/edgar/data/66740/000110465910025776/a10-6037_110q.htm
2009-12-31,MMM,2010-02-16,2010-02-16 15:07:30,FY,6122000000,3189000000,2933000000,0.47909180006533814,326000000,1265000000,0.0,3189000000,4780000000,7969000000,-54000000,298000000,1640000000,0.26788631166285526,1342000000,0.2192094086899706,0.0,1299000000,0.21218556027442012,348000000,951000000,0.15534139170205816,2.04,2.04,700000000,700000000,https://www.sec.gov/Archives/edgar/data/66740/000110465910007295/0001104659-10-007295-index.htm,https://www.sec.gov/Archives/edgar/data/66740/000110465910007295/a09-35783_110k.htm
2009-09-30,MMM,2009-10-30,2009-10-30 15:12:41,Q3,6193000000,3171000000,3022000000,0.4879702890360084,335000000,1209000000,0.0,3171000000,4715000000,7886000000,-55000000,290000000,1768000000,0.2854836105280155,1478000000,0.2386565477151623,0.0,1431000000,0.23106733408687227,460000000,971000000,0.15678992410786372,1.53,1.53,697000000,697000000,https://www.sec.gov/Archives/edgar/data/66740/000110465909061503/0001104659-09-061503-index.htm,https://www.sec.gov/Archives/edgar/data/66740/000110465909061503/a09-31102_110q.htm
2009-06-30,MMM,2009-07-31,2009-07-31 16:21:10,Q2,5719000000,2977000000,2742000000,0.4794544500786851,309000000,1242000000,0.0,2977000000,4528000000,7505000000,-55000000,298000000,1489000000,0.26036020283266303,1191000000,0.2082531911173282,0.0,1143000000,0.19986011540479104,351000000,792000000,0.13848574925686308,1.02,1.02,695000000,695000000,https://www.sec.gov/Archives/edgar/data/66740/000110465909046329/0001104659-09-046329-index.htm,https://www.sec.gov/Archives/edgar/data/66740/000110465909046329/a09-18771_110q.htm
2009-03-31,MMM,2009-05-01,2009-05-01 14:25:43,Q1,5089000000,2772000000,2317000000,0.45529573590096284,323000000,1191000000,0.0,2772000000,4286000000,7058000000,-55000000,271000000,1074000000,0.2110434269994105,803000000,0.1577913146001179,0.0,759000000,0.14914521516997445,229000000,530000000,0.10414619768127334,0.51,0.51,693000000,693000000,https://www.sec.gov/Archives/edgar/data/66740/000110465909028490/0001104659-09-028490-index.htm,https://www.sec.gov/Archives/edgar/data/66740/000110465909028490/a09-11428_110q.htm
2008-12-31,MMM,2009-02-17,2009-02-13 20:17:40,FY,5509000000,3101000000,2408000000,0.4371029224904701,346000000,1307000000,0.0,0.0,1653000000,4754000000,-57000000,307000000,1062000000,0.1927754583408967,755000000,0.13704846614630606,0.0,727000000,0.13196587402432383,186000000,536000000,0.09729533490651661,4.95,4.95,699000000,699000000,https://www.sec.gov/Archives/edgar/data/66740/000110465909009669/0001104659-09-009669-index.htm,https://www.sec.gov/Archives/edgar/data/66740/000110465909009669/a09-1282_110k.htm
2008-09-30,MMM,2008-10-31,2008-10-31 16:38:38,Q3,6558000000,3432000000,3126000000,0.47666971637694416,344000000,1269000000,0.0,0.0,1613000000,5045000000,-52000000,293000000,1806000000,0.2753888380603843,1513000000,0.230710582494663,0.0,1489000000,0.22705093016163463,479000000,991000000,0.15111314425129613,4.17,4.17,701000000,701000000,https://www.sec.gov/Archives/edgar/data/66740/000110465908067346/0001104659-08-067346-index.htm,https://www.sec.gov/Archives/edgar/data/66740/000110465908067346/a08-25778_110q.htm
2008-06-30,MMM,2008-08-01,2008-08-01 13:57:11,Q2,6739000000,3510000000,3229000000,0.479151209378246,363000000,1394000000,0.0,0.0,1757000000,5267000000,-51000000,285000000,1734000000,0.25730820596527676,1449000000,0.2150170648464164,0.0,1416000000,0.21012019587475886,453000000,945000000,0.14022852055201068,2.74,2.74,704000000,704000000,https://www.sec.gov/Archives/edgar/data/66740/000110465908049209/0001104659-08-049209-index.htm,https://www.sec.gov/Archives/edgar/data/66740/000110465908049209/a08-19149_110q.htm
2008-03-31,MMM,2008-05-02,2008-05-02 17:16:12,Q1,6463000000,3336000000,3127000000,0.48383103821754603,351000000,1275000000,0.0,0.0,1626000000,4962000000,-55000000,268000000,1769000000,0.273711898499149,1501000000,0.23224508742070246,0.0,1476000000,0.22837691474547422,470000000,988000000,0.15287018412501935,1.4,1.4,706000000,706000000,https://www.sec.gov/Archives/edgar/data/66740/000110465908029551/0001104659-08-029551-index.htm,https://www.sec.gov/Archives/edgar/data/66740/000110465908029551/a08-13152_110q.htm
2007-12-31,MMM,2008-02-15,2008-02-15 17:23:33,FY,6206000000,3298000000,2908000000,0.46857879471479214,359000000,1274000000,0.0,0.0,1633000000,4931000000,-71000000,276000000,1546000000,0.24911376087657106,1270000000,0.2046406703190461,0.0,1237000000,0.19932323557847245,378000000,851000000,0.13712536255236868,5.7,5.7,718000000,718000000,https://www.sec.gov/Archives/edgar/data/66740/000110465908011226/0001104659-08-011226-index.htm,https://www.sec.gov/Archives/edgar/data/66740/000110465908011226/a08-2453_110k.htm
2007-09-30,MMM,2007-10-29,2007-10-29 16:11:48,Q3,6177000000,3240000000,2937000000,0.4754735308402137,338000000,1174000000,0.0,0.0,1512000000,4752000000,-53000000,263000000,1688000000,0.27327181479682694,1425000000,0.23069451189898008,0.0,1409000000,0.22810425773028978,433000000,960000000,0.15541525012141816,4.5,4.5,720000000,720000000,https://www.sec.gov/Archives/edgar/data/66740/000110465907077708/0001104659-07-077708-index.htm,https://www.sec.gov/Archives/edgar/data/66740/000110465907077708/a07-25463_110q.htm
2007-06-30,MMM,2007-08-07,2007-08-07 15:43:07,Q2,6142000000,3175000000,2967000000,0.4830674047541517,352000000,1286000000,0.0,0.0,1638000000,4813000000,-48000000,279000000,1676000000,0.2728752849234777,1397000000,0.22745034190817323,0.0,1378000000,0.22435688700748943,445000000,917000000,0.1492999023119505,3.16,3.16,723000000,723000000,https://www.sec.gov/Archives/edgar/data/66740/000110465907059663/0001104659-07-059663-index.htm,https://www.sec.gov/Archives/edgar/data/66740/000110465907059663/a07-18763_110q.htm
2007-03-31,MMM,2007-05-04,2007-05-04 13:11:02,Q1,5937000000,3022000000,2915000000,0.49098871483914436,319000000,1281000000,0.0,0.0,1600000000,4622000000,-38000000,254000000,2355000000,0.39666498231430014,2101000000,0.35388243220481724,0.0,2091000000,0.35219807983830215,708000000,1368000000,0.23041940373926226,1.88,1.88,729000000,729000000,https://www.sec.gov/Archives/edgar/data/66740/000110465907035879/0001104659-07-035879-index.htm,https://www.sec.gov/Archives/edgar/data/66740/000110465907035879/a07-10706_110q.htm
2006-12-31,MMM,2007-02-26,2007-02-23 21:35:27,FY,5782000000,3162000000,2620000000,0.4531304047042546,509000000,1375000000,0.0,0.0,1884000000,5046000000,-38000000,351000000,2161000000,0.3737461086129367,1810000000,0.3130404704254583,0.0,1788000000,0.3092355586302318,596000000,1176000000,0.2033898305084746,5.15,5.15,747000000,747000000,https://www.sec.gov/Archives/edgar/data/66740/000110465907013613/0001104659-07-013613-index.htm,https://www.sec.gov/Archives/edgar/data/66740/000110465907013613/a07-5153_110k.htm
2006-09-30,MMM,2006-10-27,2006-10-27 17:22:35,Q3,5858000000,2990000000,2868000000,0.4895868897234551,340000000,1186000000,0.0,0.0,1526000000,4516000000,-37000000,249000000,1591000000,0.2715944008193923,1342000000,0.22908842608398772,0.0,1318000000,0.22499146466370776,412000000,894000000,0.15261181290542847,3.56,3.56,751000000,751000000,https://www.sec.gov/Archives/edgar/data/66740/000110465906069356/0001104659-06-069356-index.htm,https://www.sec.gov/Archives/edgar/data/66740/000110465906069356/a06-21556_110q.htm
2006-06-30,MMM,2006-08-04,2006-08-03 20:07:36,Q2,5688000000,2840000000,2848000000,0.5007032348804501,351000000,1322000000,0.0,0.0,1673000000,4513000000,-25000000,233000000,1408000000,0.24753867791842477,1175000000,0.20657524613220815,0.0,1164000000,0.20464135021097046,272000000,882000000,0.1550632911392405,2.36,2.36,754000000,754000000,https://www.sec.gov/Archives/edgar/data/66740/000110465906051282/0001104659-06-051282-index.htm,https://www.sec.gov/Archives/edgar/data/66740/000110465906051282/a06-15203_110q.htm
2006-03-31,MMM,2006-05-02,2006-05-01 20:24:28,Q1,5595000000,2721000000,2874000000,0.5136729222520108,322000000,1183000000,0.0,0.0,1505000000,4226000000,-22000000,246000000,1615000000,0.28865058087578194,1369000000,0.2446827524575514,0.0,1355000000,0.2421805183199285,443000000,899000000,0.16067917783735478,1.19,1.19,754000000,754000000,https://www.sec.gov/Archives/edgar/data/66740/000110465906029921/0001104659-06-029921-index.htm,https://www.sec.gov/Archives/edgar/data/66740/000110465906029921/a06-9267_110q.htm
2005-12-31,MMM,2006-02-21,2006-02-21 17:18:47,FY,5325000000,2618000000,2707000000,0.5083568075117371,360000000,1135000000,0.0,0.0,1495000000,4113000000,-23000000,252000000,1464000000,0.27492957746478874,1212000000,0.2276056338028169,0.0,1200000000,0.22535211267605634,389000000,761000000,0.14291079812206572,4.23,4.23,764000000,764000000,https://www.sec.gov/Archives/edgar/data/66740/000110465906010894/0001104659-06-010894-index.htm,https://www.sec.gov/Archives/edgar/data/66740/000110465906010894/a06-1861_110k.htm
2005-09-30,MMM,2005-10-27,2005-10-27 16:59:21,Q3,5382000000,2632000000,2750000000,0.5109624674842066,295000000,1165000000,0.0,0.0,1460000000,4092000000,-20000000,255000000,1545000000,0.2870680044593088,1290000000,0.23968784838350055,0.0,1283000000,0.2383872166480862,417000000,853000000,0.15849126718691936,3.18,3.18,767000000,767000000,https://www.sec.gov/Archives/edgar/data/66740/000110465905050675/0001104659-05-050675-index.htm,https://www.sec.gov/Archives/edgar/data/66740/000110465905050675/a05-17965_110q.htm
2005-06-30,MMM,2005-08-03,2005-08-03 17:12:31,Q2,5294000000,2594000000,2700000000,0.5100113335851908,296000000,1121000000,0.0,0.0,1417000000,4011000000,-19000000,237000000,1520000000,0.2871174914998111,1283000000,0.24234982999622215,0.0,1280000000,0.24178315073668305,492000000,776000000,0.14658103513411408,2.06,2.06,769000000,769000000,https://www.sec.gov/Archives/edgar/data/66740/000110465905036090/0001104659-05-036090-index.htm,https://www.sec.gov/Archives/edgar/data/66740/000110465905036090/a05-12586_110q.htm
2005-03-31,MMM,2005-05-06,2005-05-06 17:26:44,Q1,5166000000,2537000000,2629000000,0.5089043747580333,291000000,1114000000,0.0,0.0,1405000000,3942000000,-20000000,242000000,1466000000,0.283778552071235,1224000000,0.23693379790940766,0.0,1220000000,0.2361595044521874,396000000,809000000,0.15660085172280294,1.05,1.05,771000000,771000000,https://www.sec.gov/Archives/edgar/data/66740/000110465905021272/0001104659-05-021272-index.htm,https://www.sec.gov/Archives/edgar/data/66740/000110465905021272/a05-7853_110q.htm
2004-12-31,MMM,2005-02-24,2005-02-24 09:00:19,FY,0.0,9958000000,-9958000000,0.0,1143000000,4332000000,0.0,0.0,5475000000,15433000000,-69000000,259000000,4837000000,0.0,4578000000,0.0,0.0,4555000000,0.0,1503000000,2990000000,0.0,3.83,3.83,780000000,780000000,https://www.sec.gov/Archives/edgar/data/66740/000110465905008057/0001104659-05-008057-index.htm,https://www.sec.gov/Archives/edgar/data/66740/000110465905008057/a05-3853_110k.htm
2004-09-30,MMM,2004-11-01,2004-11-01 16:46:23,Q3,4969000000,2457000000,2512000000,0.5055343127389816,282000000,1047000000,0.0,0.0,1329000000,3786000000,-17000000,243000000,1426000000,0.2869792714831958,1183000000,0.238076071644194,0.0,1178000000,0.23706983296437914,389000000,775000000,0.15596699537130207,2.9,2.9,782000000,782000000,https://www.sec.gov/Archives/edgar/data/66740/000110465904032871/0001104659-04-032871-index.htm,https://www.sec.gov/Archives/edgar/data/66740/000110465904032871/a04-12304_110q.htm
2004-06-30,MMM,2004-08-04,2004-08-04 17:22:22,Q2,9951000000,4888000000,5063000000,0.5087930861219978,572000000,2188000000,0.0,0.0,2760000000,7648000000,-35000000,-467000000,1836000000,0.1845040699427193,2303000000,0.23143402673098182,0.0,2288000000,0.22992664053863934,755000000,1495000000,0.15023615717013367,1.91,1.91,782000000,782000000,https://www.sec.gov/Archives/edgar/data/66740/000089710104001496/0000897101-04-001496-index.htm,https://www.sec.gov/Archives/edgar/data/66740/000089710104001496/mmm043703_10q.htm
