date,symbol,fillingDate,acceptedDate,period,revenue,costOfRevenue,grossProfit,grossProfitRatio,researchAndDevelopmentExpenses,generalAndAdministrativeExpenses,sellingAndMarketingExpenses,otherExpenses,operatingExpenses,costAndExpenses,interestExpense,depreciationAndAmortization,ebitda,ebitdaratio,operatingIncome,operatingIncomeRatio,totalOtherIncomeExpensesNet,incomeBeforeTax,incomeBeforeTaxRatio,incomeTaxExpense,netIncome,netIncomeRatio,eps,epsdiluted,weightedAverageShsOut,weightedAverageShsOutDil,link,finalLink
2020-03-31,MO,2020-04-30,2020-04-30 11:12:00,Q1,6359000000,2173000000,4186000000,0.6582796037112754,0.0,45000000,537000000,275000000,45000000,2218000000,0.0,65000000,2401000000,0.377575090423,2336000000,0.367353357446,0.0,2108000000,0.331498663312,558000000,1552000000,0.244063532002,0.83,0.83,1858000000,1858000000,https://www.sec.gov/Archives/edgar/data/764180/000076418020000048/0000764180-20-000048-index.htm,https://www.sec.gov/Archives/edgar/data/764180/000076418020000048/a2020form10qq12020.htm
2019-12-31,MO,2020-02-25,2020-02-25 16:31:52,FY,6007000000,1718000000,4289000000,0.7140003329448976,168000000,45000000,572000000,291000000,213000000,1931000000,1322000000,63000000,2490000000,0.414516397536,2427000000,0.404028633261,0.0,-1223000000,-0.20359580489429,591000000,-1814000000,-0.30198102214083566,-0.97,-0.97,1869000000,1869000000,https://www.sec.gov/Archives/edgar/data/764180/000076418020000018/0000764180-20-000018-index.htm,https://www.sec.gov/Archives/edgar/data/764180/000076418020000018/a2019form10-kq4.htm
2019-09-30,MO,2019-10-31,2019-10-31 10:40:35,Q3,6856000000,1915000000,4941000000,0.7206826137689615,0.0,46000000,552000000,293000000,46000000,1961000000,0.0,57000000,3001000000,0.437718786464,2944000000,0.429404900817,0.0,-2128000000,-0.3103850641773629,474000000,-2602000000,-0.3795215869311552,-1.39,-1.39,1871000000,1871000000,https://www.sec.gov/Archives/edgar/data/764180/000076418019000083/0000764180-19-000083-index.htm,https://www.sec.gov/Archives/edgar/data/764180/000076418019000083/a2019form10qq32019.htm
2019-06-30,MO,2019-07-30,2019-07-30 10:39:12,Q2,6619000000,1874000000,4745000000,0.7168756609759782,0.0,62000000,569000000,312000000,62000000,1936000000,0.0,53000000,2770000000,0.418492219368,2717000000,0.410484967518,0.0,2601000000,0.39295966158,604000000,1996000000,0.301556126303,1.06,1.06,1872000000,1872000000,https://www.sec.gov/Archives/edgar/data/764180/000076418019000070/0000764180-19-000070-index.htm,https://www.sec.gov/Archives/edgar/data/764180/000076418019000070/a2019form10qq22019.htm
2019-03-31,MO,2019-04-25,2019-04-25 11:10:43,Q1,5628000000,1578000000,4050000000,0.7196162046908315,0.0,46000000,533000000,384000000,46000000,1624000000,0.0,53000000,2291000000,0.407071783937,2238000000,0.397654584222,0.0,1516000000,0.269367448472,395000000,1120000000,0.199004975124,0.6,0.6,1874000000,1874000000,https://www.sec.gov/Archives/edgar/data/764180/000076418019000037/0000764180-19-000037-index.htm,https://www.sec.gov/Archives/edgar/data/764180/000076418019000037/a2019form10qq12019.htm
2018-12-31,MO,2019-02-26,2019-02-26 13:49:51,FY,6114000000,1864000000,4250000000,0.6951259404645077,252000000,163000000,797000000,162000000,415000000,2279000000,697000000,59000000,1803000000,0.294896957802,1744000000,0.285246974158,0.0,1710000000,0.279685966634,459000000,1250000000,0.204448806019,0.67,0.66,1887000000,1888000000,https://www.sec.gov/Archives/edgar/data/764180/000076418019000023/0000764180-19-000023-index.htm,https://www.sec.gov/Archives/edgar/data/764180/000076418019000023/a2018form10-kq4.htm
2018-09-30,MO,2018-10-25,2018-10-25 17:00:20,Q3,6837000000,2037000000,4800000000,0.7020623080298376,0.0,61000000,700000000,159000000,61000000,2098000000,0.0,64000000,2621000000,0.38335527278,2557000000,0.373994442007,0.0,2608000000,0.38145385403,664000000,1943000000,0.284188971771,1.03,1.03,1891000000,1891000000,https://www.sec.gov/Archives/edgar/data/764180/000076418018000095/0000764180-18-000095-index.htm,https://www.sec.gov/Archives/edgar/data/764180/000076418018000095/a2018form10qq32018.htm
2018-06-30,MO,2018-07-26,2018-07-26 10:44:30,Q2,6305000000,1738000000,4567000000,0.724345757335448,0.0,45000000,641000000,178000000,45000000,1783000000,0.0,51000000,2549000000,0.404282315623,2498000000,0.396193497224,0.0,2557000000,0.405551149881,680000000,1876000000,0.297541633624,0.99,0.99,1895000000,1895000000,https://www.sec.gov/Archives/edgar/data/764180/000076418018000072/0000764180-18-000072-index.htm,https://www.sec.gov/Archives/edgar/data/764180/000076418018000072/a2018form10qq22018.htm
2018-03-31,MO,2018-04-26,2018-04-26 10:28:05,Q1,6108000000,1734000000,4374000000,0.7161100196463654,0.0,46000000,618000000,166000000,46000000,1780000000,0.0,53000000,2369000000,0.38785199738,2316000000,0.379174852652,0.0,2466000000,0.40373280943,571000000,1894000000,0.31008513425,1.0,1.0,1899000000,1899000000,https://www.sec.gov/Archives/edgar/data/764180/000076418018000038/0000764180-18-000038-index.htm,https://www.sec.gov/Archives/edgar/data/764180/000076418018000038/a2018form10qq12018.htm
2017-12-31,MO,2018-02-27,2018-02-27 17:31:37,FY,6101000000,1844000000,4257000000,0.6977544664809048,241000000,69000000,698000000,180000000,310000000,2154000000,727000000,54000000,2217000000,0.363383051959,2163000000,0.354532043927,0.0,2183000000,0.35781019505,-2785000000,4966000000,0.813964923783,2.59,2.59,1921000000,1921000000,https://www.sec.gov/Archives/edgar/data/764180/000076418018000028/0000764180-18-000028-index.htm,https://www.sec.gov/Archives/edgar/data/764180/000076418018000028/a2017form10-kq4.htm
2017-09-30,MO,2017-10-26,2017-10-26 10:16:56,Q3,6729000000,1940000000,4789000000,0.7116956457125873,0.0,56000000,568000000,169000000,56000000,1996000000,0.0,51000000,2658000000,0.395006687472,2607000000,0.387427552385,0.0,2644000000,0.392926140586,777000000,1866000000,0.277307177887,0.97,0.97,1927000000,1927000000,https://www.sec.gov/Archives/edgar/data/764180/000076418017000126/0000764180-17-000126-index.htm,https://www.sec.gov/Archives/edgar/data/764180/000076418017000126/a2017form10qq32017.htm
2017-06-30,MO,2017-07-27,2017-07-27 10:04:54,Q2,6663000000,1949000000,4714000000,0.7074891190154585,0.0,56000000,568000000,177000000,56000000,2005000000,0.0,52000000,2591000000,0.388863875131,2539000000,0.381059582771,0.0,2910000000,0.436740207114,920000000,1989000000,0.298514182801,1.03,1.03,1933000000,1933000000,https://www.sec.gov/Archives/edgar/data/764180/000076418017000099/0000764180-17-000099-index.htm,https://www.sec.gov/Archives/edgar/data/764180/000076418017000099/a2017form10qq22017.htm
2017-03-31,MO,2017-05-02,2017-05-02 10:11:28,Q1,6083000000,1810000000,4273000000,0.7024494492848923,0.0,46000000,528000000,179000000,46000000,1856000000,0.0,52000000,2299000000,0.377938517179,2247000000,0.369390103567,0.0,2091000000,0.343744862732,689000000,1401000000,0.230313989808,0.72,0.72,1939000000,1939000000,https://www.sec.gov/Archives/edgar/data/764180/000076418017000050/0000764180-17-000050-index.htm,https://www.sec.gov/Archives/edgar/data/764180/000076418017000050/a2017form10qq12017.htm
2016-12-31,MO,2017-02-27,2017-02-27 13:56:20,FY,6252000000,1905000000,4347000000,0.6952975047984645,203000000,72000000,779000000,176000000,275000000,2180000000,754000000,55000000,2048000000,0.327575175944,1993000000,0.318777991043,0.0,15708000000,2.51247600768,5430000000,10276000000,1.64363403711,5.26,5.26,1952000000,1952000000,https://www.sec.gov/Archives/edgar/data/764180/000076418017000028/0000764180-17-000028-index.htm,https://www.sec.gov/Archives/edgar/data/764180/000076418017000028/a2016form10-k.htm
2016-09-30,MO,2016-10-27,2016-10-27 10:04:23,Q3,6905000000,2043000000,4862000000,0.7041274438812455,0.0,57000000,766000000,179000000,57000000,2100000000,0.0,51000000,2433000000,0.352353367125,2382000000,0.344967414917,0.0,1727000000,0.250108616944,633000000,1093000000,0.158291093411,0.55,0.55,1954000000,1954000000,https://www.sec.gov/Archives/edgar/data/764180/000076418016000211/0000764180-16-000211-index.htm,https://www.sec.gov/Archives/edgar/data/764180/000076418016000211/a2016form10-qq32016.htm
2016-06-30,MO,2016-07-27,2016-07-27 10:34:46,Q2,6521000000,1924000000,4597000000,0.7049532280325104,0.0,93000000,546000000,192000000,93000000,2017000000,0.0,49000000,2459000000,0.377089403466,2410000000,0.369575218525,0.0,2534000000,0.388590706947,880000000,1653000000,0.253488728723,0.85,0.85,1955000000,1955000000,https://www.sec.gov/Archives/edgar/data/764180/000076418016000188/0000764180-16-000188-index.htm,https://www.sec.gov/Archives/edgar/data/764180/000076418016000188/a2016form10-qq22016.htm
2016-03-31,MO,2016-04-28,2016-04-28 09:56:46,Q1,6066000000,1874000000,4192000000,0.6910649521925486,0.0,0.0,559000000,200000000,559000000,1874000000,0.0,49000000,2026000000,0.333992746456,1977000000,0.325914935707,0.0,1883000000,0.310418727333,665000000,1217000000,0.200626442466,0.62,0.62,1956000000,1956000000,https://www.sec.gov/Archives/edgar/data/764180/000076418016000143/0000764180-16-000143-index.htm,https://www.sec.gov/Archives/edgar/data/764180/000076418016000143/a2016form10-qq12016.htm
2015-12-31,MO,2016-02-25,2016-02-25 09:47:25,FY,6318000000,2007000000,4311000000,0.6823361823361823,186000000,71000000,757000000,208000000,257000000,2264000000,808000000,75000000,2040000000,0.322886989554,1965000000,0.311016144349,-5000000.0,1973000000,0.312282367838,725000000,1247000000,0.197372586261,0.64,0.64,1961000000,1961000000,https://www.sec.gov/Archives/edgar/data/764180/000076418016000128/0000764180-16-000128-index.htm,https://www.sec.gov/Archives/edgar/data/764180/000076418016000128/a2015form10-k.htm
2015-09-30,MO,2015-10-29,2015-10-29 10:10:51,Q3,6699000000,1932000000,4767000000,0.7115987460815048,0.0,53000000,698000000,205000000,53000000,1985000000,0.0,50000000,2357000000,0.35184355874,2307000000,0.344379758173,0.0,2289000000,0.341692789969,761000000,1528000000,0.228093745335,0.78,0.78,1962000000,1962000000,https://www.sec.gov/Archives/edgar/data/764180/000076418015000094/0000764180-15-000094-index.htm,https://www.sec.gov/Archives/edgar/data/764180/000076418015000094/a2015form10-qq32015.htm
2015-06-30,MO,2015-07-29,2015-07-29 09:50:55,Q2,6613000000,2004000000,4609000000,0.6969605322848934,0.0,113000000,643000000,195000000,113000000,2117000000,0.0,51000000,2275000000,0.344019355814,2224000000,0.336307273552,0.0,2254000000,0.34084379253,805000000,1448000000,0.218962649327,0.73,0.73,1964000000,1964000000,https://www.sec.gov/Archives/edgar/data/764180/000076418015000071/0000764180-15-000071-index.htm,https://www.sec.gov/Archives/edgar/data/764180/000076418015000071/a2015form10-qq22015.htm
2015-03-31,MO,2015-04-23,2015-04-23 10:07:53,Q1,5804000000,1797000000,4007000000,0.6903859407305307,0.0,0.0,610000000,209000000,610000000,1797000000,0.0,49000000,1914000000,0.329772570641,1865000000,0.321330117161,0.0,1562000000,0.269124741558,544000000,1018000000,0.175396278429,0.52,0.52,1966000000,1966000000,https://www.sec.gov/Archives/edgar/data/764180/000076418015000034/0000764180-15-000034-index.htm,https://www.sec.gov/Archives/edgar/data/764180/000076418015000034/a2015form10-qq12015.htm
2014-12-31,MO,2015-02-25,2015-02-25 14:10:07,FY,6258000000,1986000000,4272000000,0.6826462128475551,167000000,67000000,718000000,212000000,234000000,2220000000,857000000,59000000,1971000000,0.314956855225,1912000000,0.305528922979,0.0,1909000000,0.305049536593,673000000,1236000000,0.197507190796,0.63,0.63,1978000000,1978000000,https://www.sec.gov/Archives/edgar/data/764180/000076418015000022/0000764180-15-000022-index.htm,https://www.sec.gov/Archives/edgar/data/764180/000076418015000022/a2014form10-kq42014.htm
2014-09-30,MO,2014-10-30,2014-10-30 10:20:23,Q3,6491000000,2079000000,4412000000,0.679710368202126,0.0,53000000,663000000,213000000,53000000,2132000000,0.0,49000000,2048000000,0.315513788322,1999000000,0.307964874442,0.0,2114000000,0.325681713141,717000000,1397000000,0.215221075335,0.7,0.7,1981000000,1981000000,https://www.sec.gov/Archives/edgar/data/764180/000076418014000082/0000764180-14-000082-index.htm,https://www.sec.gov/Archives/edgar/data/764180/000076418014000082/a2014form10-qq32014.htm
2014-06-30,MO,2014-07-22,2014-07-22 10:49:13,Q2,6256000000,1968000000,4288000000,0.6854219948849105,0.0,121000000,638000000,230000000,121000000,2089000000,0.0,50000000,2025000000,0.323689258312,1975000000,0.315696930946,0.0,1945000000,0.310901534527,683000000,1262000000,0.201726342711,0.64,0.64,1983000000,1983000000,https://www.sec.gov/Archives/edgar/data/764180/000076418014000059/0000764180-14-000059-index.htm,https://www.sec.gov/Archives/edgar/data/764180/000076418014000059/a2014form10-qq22014.htm
2014-03-31,MO,2014-04-24,2014-04-24 14:24:16,Q1,5517000000,1752000000,3765000000,0.6824361065796629,0.0,0.0,520000000,153000000,520000000,1752000000,0.0,50000000,1784000000,0.323364147181,1734000000,0.31430125068,0.0,1806000000,0.327351821642,631000000,1175000000,0.21297806779,0.59,0.59,1986000000,1986000000,https://www.sec.gov/Archives/edgar/data/764180/000076418014000036/0000764180-14-000036-index.htm,https://www.sec.gov/Archives/edgar/data/764180/000076418014000036/a2014form10-qq12014.htm
2013-12-31,MO,2014-02-26,2014-02-26 11:58:36,FY,6080000000,1996000000,4084000000,0.6717105263157894,153000000,62000000,597000000,255000000,220000000,2216000000,1053000000,54000000,1853000000,0.304769736842,1799000000,0.295888157895,0.0,713000000,0.117269736842,225000000,488000000,0.0802631578947,0.24,0.24,1999000000,1999000000,https://www.sec.gov/Archives/edgar/data/764180/000076418014000025/0000764180-14-000025-index.htm,https://www.sec.gov/Archives/edgar/data/764180/000076418014000025/a2013form10-kq42013.htm
2013-09-30,MO,2013-10-24,2013-10-24 10:16:13,Q3,6553000000,1939000000,4614000000,0.704104990080879,0.0,173000000,659000000,269000000,178000000,2117000000,0.0,52000000,2184000000,0.333282466046,2132000000,0.325347169235,0.0,2118000000,0.323210743171,722000000,1396000000,0.213032198993,0.7,0.7,2001000000,2001000000,https://www.sec.gov/Archives/edgar/data/764180/000076418013000090/0000764180-13-000090-index.htm,https://www.sec.gov/Archives/edgar/data/764180/000076418013000090/a2013form10-qq32013.htm
2013-06-30,MO,2013-07-24,2013-07-24 08:18:23,Q2,6305000000,1972000000,4333000000,0.6872323552735924,0.0,0.0,547000000,264000000,5000000.0,1977000000,0.0,52000000,2053000000,0.325614591594,2001000000,0.317367168914,0.0,1964000000,0.311498810468,698000000,1266000000,0.200793021412,0.63,0.63,2003000000,2003000000,https://www.sec.gov/Archives/edgar/data/764180/000076418013000064/0000764180-13-000064-index.htm,https://www.sec.gov/Archives/edgar/data/764180/000076418013000064/a2013form10-qq22013.htm
2013-03-31,MO,2013-04-25,2013-04-25 10:16:12,Q1,5528000000,1299000000,4229000000,0.7650144717800289,0.0,0.0,517000000,261000000,5000000.0,1304000000,0.0,54000000,2206000000,0.399059334298,2152000000,0.389290882779,0.0,2147000000,0.388386396527,762000000,1385000000,0.250542691751,0.69,0.69,2003000000,2003000000,https://www.sec.gov/Archives/edgar/data/764180/000076418013000036/0000764180-13-000036-index.htm,https://www.sec.gov/Archives/edgar/data/764180/000076418013000036/a2013form10-q1.htm
2012-12-31,MO,2013-02-27,2013-02-27 15:37:34,FY,6242000000,2077000000,4165000000,0.6672540852290932,136000000,0.0,603000000,258000000,141000000,2218000000,1128000000,56000000,1821000000,0.291733418776,1765000000,0.282761935277,0.0,1758000000,0.28164049984,653000000,1103000000,0.176706183915,0.55,0.55,2024000000,2024000000,https://www.sec.gov/Archives/edgar/data/764180/000076418013000024/0000764180-13-000024-index.htm,https://www.sec.gov/Archives/edgar/data/764180/000076418013000024/form10k.htm
2012-09-30,MO,2012-10-30,2012-10-30 15:47:36,Q3,6242000000,1982000000,4260000000,0.6824735661646908,0.0,0.0,548000000,282000000,5000000.0,1987000000,0.0,56000000,2025000000,0.324415251522,1969000000,0.315443768023,0.0,1043000000,0.167093880167,386000000,657000000,0.105254726049,0.32,0.32,2028000000,2028000000,https://www.sec.gov/Archives/edgar/data/764180/000076418012000030/0000764180-12-000030-index.htm,https://www.sec.gov/Archives/edgar/data/764180/000076418012000030/form10-q.htm
2012-06-30,MO,2012-07-26,2012-07-26 15:15:08,Q2,6487000000,2086000000,4401000000,0.6784337906582396,0.0,0.0,596000000,293000000,5000000.0,2091000000,0.0,57000000,1934000000,0.298134731,1877000000,0.289347926622,0.0,2149000000,0.331277940496,701000000,1447000000,0.223061507631,0.71,0.71,2030000000,2030000000,https://www.sec.gov/Archives/edgar/data/764180/000076418012000009/0000764180-12-000009-index.htm,https://www.sec.gov/Archives/edgar/data/764180/000076418012000009/q2201210-q.htm
2012-03-31,MO,2012-04-26,2012-04-26 15:08:42,Q1,5647000000,1792000000,3855000000,0.6826633610766779,0.0,0.0,534000000,293000000,5000000.0,1797000000,0.0,56000000,1698000000,0.300690632194,1642000000,0.290773862228,0.0,1527000000,0.270409066761,554000000,973000000,0.172303878165,0.48,0.48,2034000000,2034000000,https://www.sec.gov/Archives/edgar/data/764180/000119312512185577/0001193125-12-185577-index.htm,https://www.sec.gov/Archives/edgar/data/764180/000119312512185577/d318132d10q.htm
2011-12-31,MO,2012-02-16,2012-02-16 10:53:04,FY,6129000000,1972000000,4157000000,0.6782509381628324,128000000,0.0,0.0,0.0,132000000,2104000000,1220000000,69000000,1425000000,0.232501223691,1356000000,0.221243269701,0.0,1183000000,0.193016805352,346000000,836000000,0.136400717899,0.41,0.41,2064000000,2064000000,https://www.sec.gov/Archives/edgar/data/764180/000119312512064660/0001193125-12-064660-index.htm,https://www.sec.gov/Archives/edgar/data/764180/000119312512064660/d239844d10k.htm
2011-09-30,MO,2011-10-27,2011-10-27 12:21:49,Q3,6108000000,1883000000,4225000000,0.6917157825802227,0.0,0.0,581000000,293000000,5000000.0,1888000000,0.0,63000000,1941000000,0.317779960707,1878000000,0.307465618861,0.0,1793000000,0.293549443353,619000000,1173000000,0.192043222004,0.57,0.57,2071000000,2071000000,https://www.sec.gov/Archives/edgar/data/764180/000119312511283665/0001193125-11-283665-index.htm,https://www.sec.gov/Archives/edgar/data/764180/000119312511283665/d231954d10q.htm
2011-06-30,MO,2011-07-28,2011-07-28 15:04:49,Q2,5920000000,2030000000,3890000000,0.6570945945945946,0.0,0.0,671000000,294000000,5000000.0,2035000000,0.0,61000000,1356000000,0.229054054054,1295000000,0.21875,0.0,1156000000,0.19527027027,712000000,444000000,0.075,0.21,0.21,2080000000,2080000000,https://www.sec.gov/Archives/edgar/data/764180/000119312511200691/0001193125-11-200691-index.htm,https://www.sec.gov/Archives/edgar/data/764180/000119312511200691/d10q.htm
2011-03-31,MO,2011-04-28,2011-04-28 15:50:58,Q1,5643000000,1795000000,3848000000,0.681906787169945,0.0,0.0,601000000,278000000,6000000.0,1801000000,0.0,60000000,1599000000,0.283359914939,1539000000,0.272727272727,0.0,1450000000,0.256955520113,512000000,937000000,0.166046429204,0.45,0.45,2084000000,2084000000,https://www.sec.gov/Archives/edgar/data/764180/000119312511114987/0001193125-11-114987-index.htm,https://www.sec.gov/Archives/edgar/data/764180/000119312511114987/d10q.htm
2010-12-31,MO,2011-02-25,2011-02-24 19:01:35,FY,5927000000,1885000000,4042000000,0.6819638940442044,144000000,0.0,0.0,0.0,148000000,2033000000,1136000000,68000000,1561000000,0.263371014004,1493000000,0.251898093471,0.0,1407000000,0.237388223385,487000000,919000000,0.155053146617,0.44,0.44,2077000000,2079000000,https://www.sec.gov/Archives/edgar/data/764180/000119312511045778/0001193125-11-045778-index.htm,https://www.sec.gov/Archives/edgar/data/764180/000119312511045778/d10k.htm
2010-09-30,MO,2010-10-28,2010-10-28 09:32:02,Q3,6402000000,1985000000,4417000000,0.689940643548891,0.0,0.0,691000000,279000000,6000000.0,1991000000,0.0,71000000,1847000000,0.288503592627,1776000000,0.277413308341,0.0,1683000000,0.262886597938,552000000,1131000000,0.176663542643,0.54,0.54,2076000000,2078000000,https://www.sec.gov/Archives/edgar/data/764180/000119312510239023/0001193125-10-239023-index.htm,https://www.sec.gov/Archives/edgar/data/764180/000119312510239023/d10q.htm
2010-06-30,MO,2010-07-29,2010-07-29 12:17:13,Q2,6274000000,1967000000,4307000000,0.6864839018170227,0.0,0.0,651000000,290000000,4000000.0,1971000000,0.0,68000000,1597000000,0.254542556583,1529000000,0.243704175964,0.0,1352000000,0.215492508766,309000000,1042000000,0.166082244182,0.5,0.5,2075.0,2078.0,https://www.sec.gov/Archives/edgar/data/764180/000119312510170273/0001193125-10-170273-index.htm,https://www.sec.gov/Archives/edgar/data/764180/000119312510170273/d10q.htm
2010-03-31,MO,2010-04-28,2010-04-28 16:44:19,Q1,5760000000,1867000000,3893000000,0.6758680555555555,0.0,0.0,641000000,287000000,6000000.0,1873000000,0.0,69000000,1499000000,0.260243055556,1430000000,0.248263888889,0.0,1281000000,0.222395833333,468000000,813000000,0.141145833333,0.39,0.39,0.0,0.0,https://www.sec.gov/Archives/edgar/data/764180/000119312510096771/0001193125-10-096771-index.htm,https://www.sec.gov/Archives/edgar/data/764180/000119312510096771/d10q.htm
2009-12-31,MO,2010-02-24,2010-02-24 17:24:05,FY,0.0,20000000,-20000000,0.0,177000000,0.0,0.0,0.0,177000000,197000000,-1189000000,73000000,73000000,0.0,0.0,0.0,0.0,0.0,0.0,0.0,0.0,0.0,0.0,0.0,2068333333,2068333333,https://www.sec.gov/Archives/edgar/data/764180/000119312510039027/0001193125-10-039027-index.htm,https://www.sec.gov/Archives/edgar/data/764180/000119312510039027/d10k.htm
2009-09-30,MO,2009-10-29,2009-10-29 12:39:21,Q3,6300000000,2033000000,4267000000,0.6773015873015873,0.0,0.0,751000000,279000000,751000000,2784000000,-279000000,71000000,1465000000,0.23253968253968255,1394000000,0.22126984126984128,0.0,1234000000,0.19587301587301587,352000000,882000000,0.14,1.2,1.2,2068333333,2068333333,https://www.sec.gov/Archives/edgar/data/764180/000119312509217203/0001193125-09-217203-index.htm,https://www.sec.gov/Archives/edgar/data/764180/000119312509217203/d10q.htm
2009-06-30,MO,2009-07-31,2009-07-31 16:12:30,Q2,6719000000,2138000000,4581000000,0.6817978865902664,0.0,0.0,738000000,287000000,738000000,2876000000,-287000000,69000000,1746000000,0.2598600982289031,1677000000,0.2495907129037059,-336000000,1607000000,0.23917249590712902,596000000,1011000000,0.15046881976484597,0.77,0.77,2077922077,2077922077,https://www.sec.gov/Archives/edgar/data/764180/000119312509160822/0001193125-09-160822-index.htm,https://www.sec.gov/Archives/edgar/data/764180/000119312509160822/d10q.htm
2009-03-31,MO,2009-05-07,2009-05-07 12:43:04,Q1,4523000000,1770000000,2753000000,0.6086668140614636,0.0,0.0,717000000,336000000,717000000,2487000000,-336000000,78000000,1269000000,0.2805659960203405,1191000000,0.26332080477559144,336000000,961000000,0.21246959982312624,372000000,589000000,0.13022330311739996,0.28,0.28,2103571428,2103571428,https://www.sec.gov/Archives/edgar/data/764180/000119312509102978/0001193125-09-102978-index.htm,https://www.sec.gov/Archives/edgar/data/764180/000119312509102978/d10q.htm
2008-12-31,MO,2009-02-27,2009-02-27 16:24:49,FY,4654000000,1985000000,2669000000,0.5734851740438333,0.0,0.0,693000000,140000000,693000000,2678000000,-140000000,53000000,1051000000,0.225827245380318,998000000,0.2144391920928234,0.0,981000000,0.21078642028362699,302000000,679000000,0.14589600343790288,1.49,1.49,2073825503,2073825503,https://www.sec.gov/Archives/edgar/data/764180/000119312509041005/0001193125-09-041005-index.htm,https://www.sec.gov/Archives/edgar/data/764180/000119312509041005/d10k.htm
2008-09-30,MO,2008-11-03,2008-11-03 17:00:50,Q3,5238000000,2230000000,3008000000,0.5742649866361207,0.0,0.0,763000000,25000000,763000000,2993000000,-25000000,52000000,1381000000,0.26365024818633065,1329000000,0.25372279495990835,0.0,1358000000,0.25925925925925924,491000000,867000000,0.16552119129438717,1.16,1.16,2078448275,2078448275,https://www.sec.gov/Archives/edgar/data/764180/000119312508223004/0001193125-08-223004-index.htm,https://www.sec.gov/Archives/edgar/data/764180/000119312508223004/d10q.htm
2008-06-30,MO,2008-08-07,2008-08-07 10:24:03,Q2,5054000000,2168000000,2886000000,0.5710328452710725,0.0,0.0,649000000,18000000,649000000,2817000000,-18000000,51000000,1393000000,0.2756232686980609,1342000000,0.2655322516818362,16000000,1471000000,0.2910565888405224,541000000,930000000,0.18401266323703996,0.74,0.74,2086486486,2086486486,https://www.sec.gov/Archives/edgar/data/764180/000119312508169454/0001193125-08-169454-index.htm,https://www.sec.gov/Archives/edgar/data/764180/000119312508169454/d10q.htm
2008-03-31,MO,2008-05-09,2008-05-09 13:59:14,Q1,4410000000,1887000000,2523000000,0.572108843537415,0.0,0.0,648000000,-16000000,648000000,2535000000,16000000,59000000,1272000000,0.28843537414965986,1213000000,0.2750566893424036,-16000000,979000000,0.2219954648526077,365000000,614000000,0.13922902494331066,0.29,0.29,2117241379,2117241379,https://www.sec.gov/Archives/edgar/data/764180/000119312508109448/0001193125-08-109448-index.htm,https://www.sec.gov/Archives/edgar/data/764180/000119312508109448/d10q.htm
2007-12-31,MO,2008-02-28,2008-02-28 15:08:16,FY,18229000000,4048000000,14181000000,0.7779362554171924,0.0,0.0,2054000000,28000000,2054000000,6102000000,-28000000,276000000,3312000000,0.18168851829502441,3036000000,0.1665478084371057,0.0,3008000000,0.16501179439354874,862000000,2146000000,0.11772450490975918,4.36,4.36,2046788990,2046788990,https://www.sec.gov/Archives/edgar/data/764180/000119312508041586/0001193125-08-041586-index.htm,https://www.sec.gov/Archives/edgar/data/764180/000119312508041586/d10k.htm
2007-09-30,MO,2007-11-06,2007-11-06 12:59:10,Q3,19207000000,4325000000,14882000000,0.7748216795959806,0.0,0.0,1907000000,11000000,1907000000,6232000000,-11000000,242000000,3947000000,0.20549799552246575,3705000000,0.19289842245014838,0.0,3694000000,0.19232571458322487,1117000000,2577000000,0.1341698339147186,3.32,3.32,2041566265,2041566265,https://www.sec.gov/Archives/edgar/data/764180/000119312507236371/0001193125-07-236371-index.htm,https://www.sec.gov/Archives/edgar/data/764180/000119312507236371/d10q.htm
2007-06-30,MO,2007-08-07,2007-08-07 10:42:40,Q2,18809000000,4265000000,14544000000,0.773246849912276,0.0,0.0,1966000000,62000000,1966000000,6231000000,-62000000,236000000,3480000000,0.1850178106225743,3244000000,0.17247062576426178,0.0,3182000000,0.169174331437078,1066000000,2116000000,0.1124993354245308,2.07,2.07,2029468599,2029468599,https://www.sec.gov/Archives/edgar/data/764180/000119312507173166/0001193125-07-173166-index.htm,https://www.sec.gov/Archives/edgar/data/764180/000119312507173166/d10q.htm
2007-03-31,MO,2007-05-07,2007-05-07 14:09:32,Q1,17556000000,3909000000,13647000000,0.7773410799726589,0.0,0.0,1878000000,114000000,1878000000,5787000000,-114000000,226000000,3476000000,0.19799498746867167,3250000000,0.18512189564821144,0.0,3136000000,0.17862838915470494,1051000000,2085000000,0.11876281613123718,1.01,1.01,2064356435,2064356435,https://www.sec.gov/Archives/edgar/data/764180/000095012307006875/0000950123-07-006875-index.htm,https://www.sec.gov/Archives/edgar/data/764180/000095012307006875/y34478e10vq.htm
2006-12-31,MO,2007-03-01,2007-03-01 16:00:40,FY,25398000000,9907000000,15491000000,0.609929915741397,0.0,0.0,3968000000,175000000,3968000000,13875000000,-175000000,465000000,4683000000,0.18438459721237893,4218000000,0.1660760689818096,0.0,4043000000,0.15918576265847706,1076000000,2967000000,0.1168202220647295,5.76,5.76,2115451388,2115451388,https://www.sec.gov/Archives/edgar/data/764180/000119312507044345/0001193125-07-044345-index.htm,https://www.sec.gov/Archives/edgar/data/764180/000119312507044345/d10k.htm
2006-09-30,MO,2006-11-09,2006-11-09 13:05:25,Q3,25885000000,9265000000,16620000000,0.6420706973150473,0.0,0.0,3726000000,193000000,3726000000,12991000000,-193000000,456000000,5169000000,0.19969094069924667,4713000000,0.18207456055630675,0.0,4520000000,0.1746185049256326,1598000000,2922000000,0.11288390960015453,4.34,4.34,2123963133,2123963133,https://www.sec.gov/Archives/edgar/data/764180/000119312506229897/0001193125-06-229897-index.htm,https://www.sec.gov/Archives/edgar/data/764180/000119312506229897/d10q.htm
2006-06-30,MO,2006-08-08,2006-08-08 10:26:30,Q2,25769000000,9393000000,16376000000,0.6354922581396252,0.0,0.0,3679000000,266000000,3679000000,13072000000,-266000000,437000000,4840000000,0.18782257751561954,4403000000,0.17086421669447785,0.0,4137000000,0.16054173619465248,1388000000,2749000000,0.10667856727075167,2.97,2.97,2119865319,2119865319,https://www.sec.gov/Archives/edgar/data/764180/000119312506165004/0001193125-06-165004-index.htm,https://www.sec.gov/Archives/edgar/data/764180/000119312506165004/d10q.htm
2006-03-31,MO,2006-05-09,2006-05-09 09:10:12,Q1,24355000000,8915000000,15440000000,0.6339560665161158,0.0,0.0,3540000000,243000000,3540000000,12455000000,-243000000,446000000,4525000000,0.18579347156641346,4079000000,0.16748101005953603,0.0,3836000000,0.15750359269143913,289000000,3547000000,0.14563744610962842,1.67,1.67,2123952095,2123952095,https://www.sec.gov/Archives/edgar/data/764180/000119312506104575/0001193125-06-104575-index.htm,https://www.sec.gov/Archives/edgar/data/764180/000119312506104575/d10q.htm
2005-12-31,MO,2006-03-10,2006-03-10 17:02:47,FY,24490000000,9877000000,14613000000,0.5966925275622703,0.0,0.0,3982000000,250000000,3982000000,13859000000,-250000000,452000000,4082000000,0.1666802776643528,3630000000,0.14822376480195998,0.0,3380000000,0.1380155165373622,1037000000,2343000000,0.09567170273581053,5.15,5.15,2100388349,2100388349,https://www.sec.gov/Archives/edgar/data/764180/000119312506051165/0001193125-06-051165-index.htm,https://www.sec.gov/Archives/edgar/data/764180/000119312506051165/d10k.htm
2005-09-30,MO,2005-11-09,2005-11-09 16:02:25,Q3,24962000000,9082000000,15880000000,0.6361669738001763,0.0,0.0,3619000000,306000000,3619000000,12701000000,-306000000,406000000,4721000000,0.18912747376011538,4315000000,0.1728627513821008,0.0,4009000000,0.16060411825975482,1098000000,2911000000,0.11661725823251343,4.05,4.05,2092345679,2092345679,https://www.sec.gov/Archives/edgar/data/764180/000119312505221528/0001193125-05-221528-index.htm,https://www.sec.gov/Archives/edgar/data/764180/000119312505221528/d10q.htm
2005-06-30,MO,2005-08-05,2005-08-05 13:22:44,Q2,24784000000,9134000000,15650000000,0.6314557779212395,0.0,0.0,3643000000,320000000,3643000000,12777000000,-320000000,410000000,4881000000,0.19694157520981279,4471000000,0.18039864428663654,0.0,4151000000,0.16748708844415752,1192000000,2959000000,0.11939154293092318,2.66,2.66,2091353383,2091353383,https://www.sec.gov/Archives/edgar/data/764180/000119312505158869/0001193125-05-158869-index.htm,https://www.sec.gov/Archives/edgar/data/764180/000119312505158869/d10q.htm
2005-03-31,MO,2005-05-06,2005-05-06 16:10:45,Q1,23618000000,8671000000,14947000000,0.6328647641629266,0.0,0.0,3555000000,281000000,3555000000,12226000000,-281000000,407000000,4583000000,0.1940469133711576,4176000000,0.17681429418240324,0.0,3895000000,0.1649165890422559,1291000000,2604000000,0.11025489033787789,1.25,1.25,2083200000,2083200000,https://www.sec.gov/Archives/edgar/data/764180/000119312505099262/0001193125-05-099262-index.htm,https://www.sec.gov/Archives/edgar/data/764180/000119312505099262/d10q.htm
2004-12-31,MO,2005-03-15,2005-03-15 16:55:21,FY,22035000000,8818000000,13217000000,0.5998184706149308,0.0,0.0,3507000000,291000000,3507000000,12325000000,-291000000,438000000,3816000000,0.1731790333560245,3378000000,0.15330156569094622,0.0,3087000000,0.14009530292716132,1096000000,1991000000,0.09035625141819832,4.6,4.6,2057391304,2057391304,https://www.sec.gov/Archives/edgar/data/764180/000095012305003146/0000950123-05-003146-index.htm,https://www.sec.gov/Archives/edgar/data/764180/000095012305003146/y06457e10vk.htm
2004-09-30,MO,2004-11-05,2004-11-05 16:47:29,Q3,22728000000,8421000000,14307000000,0.6294878563885956,0.0,0.0,3319000000,288000000,3319000000,11740000000,-288000000,397000000,4555000000,0.2004135867652235,4158000000,0.18294614572333687,0.0,3870000000,0.17027455121436114,1295000000,2575000000,0.11329637451601549,3.65,3.62,2047397260,2064364640,https://www.sec.gov/Archives/edgar/data/764180/000119312504187957/0001193125-04-187957-index.htm,https://www.sec.gov/Archives/edgar/data/764180/000119312504187957/d10q.htm
2004-06-30,MO,2004-08-06,2004-08-06 15:33:56,Q2,23008000000,8636000000,14372000000,0.6246522948539638,0.0,0.0,3468000000,297000000,3468000000,12104000000,-297000000,388000000,4304000000,0.1870653685674548,3916000000,0.17020166898470096,0.0,3619000000,0.15729311543810848,963000000,2656000000,0.11543810848400557,2.36,2.34,2075423728,2093162393,https://www.sec.gov/Archives/edgar/data/764180/000119312504134253/0001193125-04-134253-index.htm,https://www.sec.gov/Archives/edgar/data/764180/000119312504134253/d10q.htm
2004-03-31,MO,2004-05-10,2004-05-10 14:59:05,Q1,21839000000,8084000000,13755000000,0.6298365309766931,0.0,0.0,3371000000,300000000,3371000000,11455000000,-300000000,384000000,4112000000,0.18828700947845597,3728000000,0.17070378680342507,0.0,3428000000,0.15696689408855716,1186000000,2242000000,0.10266037822244609,1.07,1.07,2095327102,2095327102,https://www.sec.gov/Archives/edgar/data/764180/000095011704001801/0000950117-04-001801-index.htm,https://www.sec.gov/Archives/edgar/data/764180/000095011704001801/a37552.htm
2003-12-31,MO,2004-03-12,2004-03-12 17:07:29,FY,20691000000,8414000000,12277000000,0.5933497655985694,0.0,0.0,3271000000,303000000,3271000000,11685000000,-303000000,390000000,4022000000,0.19438403170460586,3632000000,0.1755352568749698,0.0,3329000000,0.1608912087380987,1155000000,2174000000,0.1050698371272534,4.54,4.54,2116519823,2116519823,https://www.sec.gov/Archives/edgar/data/764180/000119312504040664/0001193125-04-040664-index.htm,https://www.sec.gov/Archives/edgar/data/764180/000119312504040664/d10k.htm
2003-09-30,MO,2003-11-13,2003-11-13 17:06:48,Q3,20939000000,7900000000,13039000000,0.6227135966378529,0.0,0.0,3167000000,301000000,3167000000,11067000000,-301000000,370000000,4593000000,0.21935144944839774,4223000000,0.20168107359472753,0.0,3922000000,0.18730598404890397,1353000000,2569000000,0.12268971775156406,3.51,3.5,2118233618,2124285714,https://www.sec.gov/Archives/edgar/data/764180/000095011703004839/0000950117-03-004839-index.htm,https://www.sec.gov/Archives/edgar/data/764180/000095011703004839/a36456.htm
2003-06-30,MO,2003-08-13,2003-08-13 17:20:56,Q2,20831000000,7991000000,12840000000,0.6163890355719841,0.0,0.0,3111000000,263000000,3111000000,11102000000,-263000000,339000000,4530000000,0.2174643560078729,4191000000,0.20119053333973405,0.0,3928000000,0.18856511929336087,1382000000,2546000000,0.12222168882914887,2.28,2.27,2134210526,2143612334,https://www.sec.gov/Archives/edgar/data/764180/000095011703003580/0000950117-03-003580-index.htm,https://www.sec.gov/Archives/edgar/data/764180/000095011703003580/a35918.htm
2003-03-31,MO,2003-05-15,2003-05-15 15:24:39,Q1,19371000000,7565000000,11806000000,0.6094677610861597,0.0,0.0,3053000000,283000000,3053000000,10618000000,-283000000,341000000,4205000000,0.2170770739765629,3864000000,0.19947343967786899,0.0,3581000000,0.18486397191678283,1261000000,2320000000,0.11976666150431056,1.08,1.07,2148148148,2168224299,https://www.sec.gov/Archives/edgar/data/764180/000119312503005680/0001193125-03-005680-index.htm,https://www.sec.gov/Archives/edgar/data/764180/000119312503005680/d10q.htm
