date,symbol,fillingDate,acceptedDate,period,revenue,costOfRevenue,grossProfit,grossProfitRatio,researchAndDevelopmentExpenses,generalAndAdministrativeExpenses,sellingAndMarketingExpenses,otherExpenses,operatingExpenses,costAndExpenses,interestExpense,depreciationAndAmortization,ebitda,ebitdaratio,operatingIncome,operatingIncomeRatio,totalOtherIncomeExpensesNet,incomeBeforeTax,incomeBeforeTaxRatio,incomeTaxExpense,netIncome,netIncomeRatio,eps,epsdiluted,weightedAverageShsOut,weightedAverageShsOutDil,link,finalLink
2020-03-31,MRK,2020-05-06,2020-05-06 16:36:54,Q1,12057000000,3312000000,8745000000,0.7253048021895994,2209000000,2555000000,0.0,0.0,4764000000,8076000000,212000000,821000000,4659000000,0.386414530978,3838000000,0.318321307124,0.0,3838000000,0.318321307124,619000000,3219000000,0.266981836278,1.27,1.26,2533000000,2547000000,https://www.sec.gov/Archives/edgar/data/310158/000031015820000009/0000310158-20-000009-index.htm,https://www.sec.gov/Archives/edgar/data/310158/000031015820000009/mrk0331202010q.htm
2019-12-31,MRK,2020-02-26,2020-02-26 16:36:07,FY,11868000000,3669000000,8199000000,0.6908493427704753,2548000000,2889000000,0.0,139000000,5437000000,9106000000,219000000,936000000,3727000000,0.314037748568,2791000000,0.235170205595,139000000,2791000000,0.235170205595,428000000,2356000000,0.198517020559,0.93,0.92,2565000000,2580000000,https://www.sec.gov/Archives/edgar/data/310158/000031015820000005/0000310158-20-000005-index.htm,https://www.sec.gov/Archives/edgar/data/310158/000031015820000005/mrk1231201910k.htm
2019-09-30,MRK,2019-11-05,2019-11-05 16:43:01,Q3,12397000000,3990000000,8407000000,0.6781479390175043,3205000000,2588000000,0.0,362000000,5793000000,9783000000,232000000,845000000,3192000000,0.257481648786,2347000000,0.189319996773,362000000,2347000000,0.189319996773,439000000,1902000000,0.153424215536,0.74,0.74,2572000000,2587000000,https://www.sec.gov/Archives/edgar/data/310158/000031015819000042/0000310158-19-000042-index.htm,https://www.sec.gov/Archives/edgar/data/310158/000031015819000042/mrk0930201910q.htm
2019-06-30,MRK,2019-08-06,2019-08-06 16:34:49,Q2,11759000000,3401000000,8358000000,0.7107747257419849,2188000000,2713000000,0.0,327000000,4901000000,8302000000,233000000,973000000,4232000000,0.359894548856,3259000000,0.277149417467,327000000,3259000000,0.277149417467,615000000,2670000000,0.22706012416,1.04,1.03,2579000000,2596000000,https://www.sec.gov/Archives/edgar/data/310158/000031015819000037/0000310158-19-000037-index.htm,https://www.sec.gov/Archives/edgar/data/310158/000031015819000037/mrk0630201910q.htm
2019-03-31,MRK,2019-05-08,2019-05-08 16:34:31,Q1,10816000000,3052000000,7764000000,0.7178254437869822,1931000000,2425000000,0.0,188000000,4356000000,7408000000,209000000,898000000,3965000000,0.366586538462,3067000000,0.283561390533,188000000,3067000000,0.283561390533,205000000,2915000000,0.269508136095,1.13,1.12,2585000000,2603000000,https://www.sec.gov/Archives/edgar/data/310158/000031015819000019/0000310158-19-000019-index.htm,https://www.sec.gov/Archives/edgar/data/310158/000031015819000019/mrk0331201910q.htm
2018-12-31,MRK,2019-02-27,2019-02-27 16:36:42,FY,10998000000,3289000000,7709000000,0.7009456264775413,2214000000,2643000000,0.0,-402000000,4857000000,8146000000,203000000,1095000000,3699000000,0.336333878887,2604000000,0.236770321877,-402000000,2604000000,0.236770321877,826000000,1827000000,0.16612111293,0.7,0.69,2664000000,2679000000,https://www.sec.gov/Archives/edgar/data/310158/000031015819000014/0000310158-19-000014-index.htm,https://www.sec.gov/Archives/edgar/data/310158/000031015819000014/mrk1231201810k.htm
2018-09-30,MRK,2018-11-06,2018-11-06 16:14:11,Q3,10794000000,3619000000,7175000000,0.6647211413748378,2068000000,2443000000,7459000000,-512000000,4511000000,8130000000,190000000,1061000000,3726000000,0.345191773207,2665000000,0.246896423939,-512000000,2665000000,0.246896423939,707000000,1950000000,0.180655919956,0.73,0.73,2680000000,2694000000,https://www.sec.gov/Archives/edgar/data/310158/000031015818000039/0000310158-18-000039-index.htm,https://www.sec.gov/Archives/edgar/data/310158/000031015818000039/mrk0930201810q.htm
2018-06-30,MRK,2018-08-07,2018-08-07 16:32:58,Q2,10465000000,3417000000,7048000000,0.67348303870043,2274000000,2508000000,5016000000,-340000000,4782000000,8199000000,194000000,1226000000,3313000000,0.316579073101,2087000000,0.199426660296,-340000000,2087000000,0.199426660296,371000000,1707000000,0.163115145724,0.64,0.63,2689000000,2702000000,https://www.sec.gov/Archives/edgar/data/310158/000031015818000034/0000310158-18-000034-index.htm,https://www.sec.gov/Archives/edgar/data/310158/000031015818000034/mrk0630201810q.htm
2018-03-31,MRK,2018-05-08,2018-05-08 16:31:56,Q1,10037000000,3184000000,6853000000,0.6827737371724619,3196000000,2508000000,2508000000,-291000000,5704000000,8888000000,185000000,1137000000,2482000000,0.247285045332,1345000000,0.134004184517,-291000000,1345000000,0.134004184517,604000000,736000000,0.0733286838697,0.27,0.27,2695000000,2710000000,https://www.sec.gov/Archives/edgar/data/310158/000031015818000011/0000310158-18-000011-index.htm,https://www.sec.gov/Archives/edgar/data/310158/000031015818000011/mrk0331201810q.htm
2017-12-31,MRK,2018-02-27,2018-02-27 16:33:07,FY,10433000000,3406000000,7027000000,0.6735358957155181,2281000000,2579000000,9830000000,12000000,4860000000,8266000000,190000000,1128000000,3007000000,0.288220070929,1879000000,0.18010160069,12000000,1879000000,0.18010160069,2917000000,2418000000,-0.100258794211,-0.38,-0.38,2730000000,2748000000,https://www.sec.gov/Archives/edgar/data/310158/000031015818000005/0000310158-18-000005-index.htm,https://www.sec.gov/Archives/edgar/data/310158/000031015818000005/mrk1231201710k.htm
2017-09-30,MRK,2017-11-07,2017-11-07 16:38:23,Q3,10324000000,3274000000,7050000000,0.6828748547074778,4382000000,2402000000,7251000000,30000000,6784000000,10058000000,189000000,1154000000,1354000000,0.131150716776,200000000,0.0193723363038,30000000,200000000,0.0193723363038,251000000,4642000000,-0.00542425416505,-0.02,-0.02,2735000000,2754000000,https://www.sec.gov/Archives/edgar/data/310158/000031015817000045/0000310158-17-000045-index.htm,https://www.sec.gov/Archives/edgar/data/310158/000031015817000045/mrk0930201710q.htm
2017-06-30,MRK,2017-08-08,2017-08-08 16:39:40,Q2,9931000000,3080000000,6851000000,0.68986003423623,1749000000,2438000000,4849000000,117000000,4187000000,7267000000,193000000,1162000000,3601000000,0.362601953479,2439000000,0.245594602759,117000000,2439000000,0.245594602759,488000000,1945000000,0.195851374484,0.72,0.71,2739000000,2759000000,https://www.sec.gov/Archives/edgar/data/310158/000031015817000037/0000310158-17-000037-index.htm,https://www.sec.gov/Archives/edgar/data/310158/000031015817000037/mrk0630201710q.htm
2017-03-31,MRK,2017-05-09,2017-05-09 16:39:34,Q1,9434000000,3015000000,6419000000,0.6804112783548866,1796000000,2411000000,2411000000,58000000,4207000000,7222000000,182000000,1193000000,3196000000,0.338774644901,2003000000,0.212317150731,58000000,2003000000,0.212317150731,447000000,1551000000,0.164405342379,0.56,0.56,2745000000,2766000000,https://www.sec.gov/Archives/edgar/data/310158/000031015817000016/0000310158-17-000016-index.htm,https://www.sec.gov/Archives/edgar/data/310158/000031015817000016/mrk0331201710q.htm
2016-12-31,MRK,2017-02-28,2017-02-28 16:33:13,FY,10115000000,3332000000,6783000000,0.6705882352941176,4649000000,2593000000,2593000000,631000000,7242000000,10574000000,180000000,1155000000,-201000000,-0.019871478003,-1356000000,-0.134058329214,631000000,-1356000000,-0.134058329214,-769000000,-1356000000,-0.0588235294118,-0.21,-0.21,2766000000,2787000000,https://www.sec.gov/Archives/edgar/data/310158/000031015817000010/0000310158-17-000010-index.htm,https://www.sec.gov/Archives/edgar/data/310158/000031015817000010/mrk1231201610k.htm
2016-09-30,MRK,2016-11-07,2016-11-07 16:19:24,Q3,10536000000,3409000000,7127000000,0.6764426727410782,1665000000,2393000000,7169000000,88000000,4058000000,7467000000,170000000,1175000000,4062000000,0.385535307517,2887000000,0.274012908125,88000000,2887000000,0.274012908125,698000000,2185000000,0.20738420653,0.79,0.79,2769000000,2791000000,https://www.sec.gov/Archives/edgar/data/310158/000031015816000098/0000310158-16-000098-index.htm,https://www.sec.gov/Archives/edgar/data/310158/000031015816000098/mrk0930201610q.htm
2016-06-30,MRK,2016-08-08,2016-08-08 16:37:27,Q2,9844000000,3578000000,6266000000,0.6365298659081674,2151000000,2458000000,4776000000,67000000,4609000000,8187000000,171000000,1550000000,3054000000,0.310239739943,1504000000,0.152783421373,67000000,1504000000,0.152783421373,295000000,1205000000,0.122409589598,0.43,0.43,2771000000,2792000000,https://www.sec.gov/Archives/edgar/data/310158/000031015816000094/0000310158-16-000094-index.htm,https://www.sec.gov/Archives/edgar/data/310158/000031015816000094/mrk0630201610q.htm
2016-03-31,MRK,2016-05-09,2016-05-09 16:32:41,Q1,9312000000,3572000000,5740000000,0.6164089347079038,1659000000,2318000000,2318000000,48000000,3977000000,7549000000,172000000,1561000000,3185000000,0.342031786942,1624000000,0.17439862543,48000000,1624000000,0.17439862543,494000000,1125000000,0.12081185567,0.41,0.4,2774000000,2795000000,https://www.sec.gov/Archives/edgar/data/310158/000031015816000066/0000310158-16-000066-index.htm,https://www.sec.gov/Archives/edgar/data/310158/000031015816000066/mrk0331201610q.htm
2015-12-31,MRK,2016-02-26,2016-02-26 16:04:31,FY,-2739000000,1834000000,905000000,-0.330412559328222,6704000000,-1293000000,10313000000,1527000000,17017000000,17017000000,-60000000,-316000000,5085000000,4.45345016429,5401000000,4.33807959109,1527000000,5401000000,4.33807959109,-4407000000,4459000000,2.73019350128,-2.54,-2.51,2816000000,2841000000,https://www.sec.gov/Archives/edgar/data/310158/000031015816000063/0000310158-16-000063-index.htm,https://www.sec.gov/Archives/edgar/data/310158/000031015816000063/mrk1231201510k.htm
2015-09-30,MRK,2015-11-05,2015-11-05 16:32:00,Q3,0.0,0.0,0.0,0.0,4906000000,0.0,7698000000,624000000,12604000000,12604000000,0.0,1570000000,6155000000,0.0,4585000000,0.0,624000000,4585000000,0.0,1108000000,3477000000,0.0,1.35,1.35,2575555555,2575555555,https://www.sec.gov/Archives/edgar/data/310158/000031015815000058/0000310158-15-000058-index.htm,https://www.sec.gov/Archives/edgar/data/310158/000031015815000058/mrk0930201510q.htm
2015-06-30,MRK,2015-08-06,2015-08-06 16:17:10,Q2,0.0,0.0,0.0,0.0,3407000000,0.0,5226000000,793000000,8633000000,8633000000,0.0,1608000000,3796000000,0.0,2188000000,0.0,793000000,2188000000,0.0,542000000,1646000000,0.0,0.9,0.9,1828888888,1828888888,https://www.sec.gov/Archives/edgar/data/310158/000031015815000053/0000310158-15-000053-index.htm,https://www.sec.gov/Archives/edgar/data/310158/000031015815000053/mrk0630201510q.htm
2015-03-31,MRK,2015-05-07,2015-05-07 16:34:55,Q1,0.0,0.0,0.0,0.0,1737000000,0.0,2601000000,55000000,4338000000,4338000000,0.0,1637000000,3018000000,0.0,1381000000,0.0,55000000,1381000000,0.0,0.0,958000000,0.0,0.45,0.45,2128888888,2128888888,https://www.sec.gov/Archives/edgar/data/310158/000031015815000008/0000310158-15-000008-index.htm,https://www.sec.gov/Archives/edgar/data/310158/000031015815000008/mrk0331201510q.htm
2014-12-31,MRK,2015-02-27,2015-02-27 14:02:50,FY,-1796000000,186000000,1610000000,-0.8964365256124721,7180000000,-305000000,11606000000,-11356000000,18786000000,18786000000,-69000000,-297000000,11441000000,-6.37026726058,11738000000,-6.53563474388,-11356000000,11738000000,-6.53563474388,4321000000,7516000000,-4.18485523385,2.63,2.6,2894000000,2928000000,https://www.sec.gov/Archives/edgar/data/310158/000031015815000005/0000310158-15-000005-index.htm,https://www.sec.gov/Archives/edgar/data/310158/000031015815000005/mrk1231201410k.htm
2014-09-30,MRK,2014-11-10,2014-11-10 07:50:49,Q3,0.0,0.0,0.0,0.0,4897000000,0.0,8681000000,-737000000,13578000000,13578000000,0.0,1611000000,7083000000,0.0,5472000000,0.0,-737000000,5472000000,0.0,0.0,4607000000,0.0,1.32,1.32,3490151515,3490151515,https://www.sec.gov/Archives/edgar/data/310158/000031015814000071/0000310158-14-000071-index.htm,https://www.sec.gov/Archives/edgar/data/310158/000031015814000071/mrk0930201410q.htm
2014-06-30,MRK,2014-08-07,2014-08-07 17:04:54,Q2,0.0,0.0,0.0,0.0,3238000000,0.0,5707000000,-596000000,8945000000,8945000000,0.0,1753000000,5735000000,0.0,3982000000,0.0,-596000000,3982000000,0.0,0.0,3764000000,0.0,0.88,0.88,4277272727,4277272727,https://www.sec.gov/Archives/edgar/data/310158/000031015814000063/0000310158-14-000063-index.htm,https://www.sec.gov/Archives/edgar/data/310158/000031015814000063/mrk0630201410q.htm
2014-03-31,MRK,2014-05-08,2014-05-08 16:55:35,Q1,0.0,0.0,0.0,0.0,1574000000,0.0,2734000000,-39000000,4308000000,4308000000,0.0,1754000000,3845000000,0.0,2091000000,0.0,-39000000,2091000000,0.0,0.0,1731000000,0.0,0.44,0.44,3934090909,3934090909,https://www.sec.gov/Archives/edgar/data/310158/000031015814000033/0000310158-14-000033-index.htm,https://www.sec.gov/Archives/edgar/data/310158/000031015814000033/mrk0331201410q.htm
2013-12-31,MRK,2014-02-27,2014-02-27 16:59:59,FY,33362000000,12995000000,20367000000,0.6104849829146933,5596000000,8924000000,11911000000,815000000,14520000000,27515000000,617000000,5314000000,9309000000,0.279030034171,3995000000,0.119747017565,815000000,3995000000,0.119747017565,1094000000,2811000000,0.0842575385169,0.96,0.95,2963000000,2996000000,https://www.sec.gov/Archives/edgar/data/310158/000031015814000009/0000310158-14-000009-index.htm,https://www.sec.gov/Archives/edgar/data/310158/000031015814000009/mrk1231201310k.htm
2013-09-30,MRK,2013-11-07,2013-11-07 16:59:25,Q3,0.0,0.0,0.0,0.0,5668000000,0.0,8929000000,656000000,14597000000,14597000000,0.0,1705000000,6025000000,0.0,4320000000,0.0,656000000,4320000000,0.0,0.0,3702000000,0.0,1.29,1.29,2869767441,2869767441,https://www.sec.gov/Archives/edgar/data/310158/000031015813000011/0000310158-13-000011-index.htm,https://www.sec.gov/Archives/edgar/data/310158/000031015813000011/mrk0930201310q.htm
2013-06-30,MRK,2013-08-07,2013-08-07 17:01:07,Q2,0.0,0.0,0.0,0.0,4008000000,0.0,6126000000,484000000,10134000000,10134000000,0.0,1655000000,4450000000,0.0,2795000000,0.0,484000000,2795000000,0.0,0.0,2551000000,0.0,0.86,0.86,2966279069,2966279069,https://www.sec.gov/Archives/edgar/data/310158/000031015813000004/0000310158-13-000004-index.htm,https://www.sec.gov/Archives/edgar/data/310158/000031015813000004/mrk0630201310q.htm
2013-03-31,MRK,2013-05-09,2013-05-09 17:05:03,Q1,10671000000,3959000000,6712000000,0.6289944709961578,1907000000,2987000000,2987000000,282000000,4894000000,8853000000,184000000,1674000000,3224000000,0.3021272608,1550000000,0.145253490769,282000000,1550000000,0.145253490769,-66000000,1593000000,0.149283103739,0.53,0.52,3022000000,3053000000,https://www.sec.gov/Archives/edgar/data/310158/000119312513211374/0001193125-13-211374-index.htm,https://www.sec.gov/Archives/edgar/data/310158/000119312513211374/d508920d10q.htm
2012-12-31,MRK,2013-02-28,2013-02-28 16:54:26,FY,11737000000,4160000000,7577000000,0.6455653062963278,2224000000,3390000000,12776000000,1116000000,5614000000,9774000000,190000000,1661000000,2995000000,0.255175939337,1334000000,0.113657663798,1116000000,1334000000,0.113657663798,385000000,907000000,0.0772769873051,0.3,0.29,3041.0,3076.0,https://www.sec.gov/Archives/edgar/data/310158/000119312513084618/0001193125-13-084618-index.htm,https://www.sec.gov/Archives/edgar/data/310158/000119312513084618/d438975d10k.htm
2012-09-30,MRK,2012-11-09,2012-11-09 17:02:13,Q3,35530000000,12286000000,23244000000,0.6542077117928511,5944000000,9386000000,9386000000,446000000,15330000000,27616000000,524000000,5317000000,12722000000,0.358063608218,7405000000,0.208415423586,446000000,7405000000,0.208415423586,2055000000,5261000000,0.148072051787,1.73,1.71,3043000000,3077000000,https://www.sec.gov/Archives/edgar/data/310158/000119312512463586/0001193125-12-463586-index.htm,https://www.sec.gov/Archives/edgar/data/310158/000119312512463586/d400394d10q.htm
2012-06-30,MRK,2012-08-07,2012-08-07 17:05:43,Q2,0.0,0.0,0.0,0.0,4026000000,0.0,6322000000,247000000,10348000000,10348000000,0.0,1804000000,6990000000,0.0,5186000000,0.0,247000000,5186000000,0.0,0.0,3587000000,0.0,0.0,0.0,3100000000,3100000000,https://www.sec.gov/Archives/edgar/data/310158/000119312512341189/0001193125-12-341189-index.htm,https://www.sec.gov/Archives/edgar/data/310158/000119312512341189/d351112d10q.htm
2012-03-31,MRK,2012-05-08,2012-05-08 07:40:16,Q1,0.0,0.0,0.0,0.0,1862000000,0.0,3074000000,142000000,4936000000,4936000000,0.0,1790000000,4297000000,0.0,2507000000,0.0,142000000,2507000000,0.0,0.0,1767000000,0.0,0.0,0.0,0.0,0.0,https://www.sec.gov/Archives/edgar/data/310158/000119312512216683/0001193125-12-216683-index.htm,https://www.sec.gov/Archives/edgar/data/310158/000119312512216683/d318209d10q.htm
2011-12-31,MRK,2012-02-28,2012-02-28 13:09:51,FY,0.0,0.0,0.0,0.0,2419000000,0.0,3704000000,139000000,6123000000,6123000000,0.0,1861000000,3441000000,0.0,1580000000,0.0,139000000,1580000000,0.0,0.0,1580000000,0.0,0.0,0.0,4253508771,4253508771,https://www.sec.gov/Archives/edgar/data/310158/000119312512084319/0001193125-12-084319-index.htm,https://www.sec.gov/Archives/edgar/data/310158/000119312512084319/d274705d10k.htm
2011-09-30,MRK,2011-11-08,2011-11-08 17:12:56,Q3,0.0,0.0,0.0,0.0,6048000000,0.0,10029000000,809000000,16077000000,16077000000,0.0,1903000000,7656000000,0.0,5753000000,0.0,809000000,5753000000,0.0,0.0,4849000000,0.0,0.0,0.0,4111842105,4111842105,https://www.sec.gov/Archives/edgar/data/310158/000095012311096564/0000950123-11-096564-index.htm,https://www.sec.gov/Archives/edgar/data/310158/000095012311096564/y92563e10vq.htm
2011-06-30,MRK,2011-08-08,2011-08-08 07:43:43,Q2,0.0,0.0,0.0,0.0,4094000000,0.0,6689000000,744000000,10783000000,10783000000,0.0,1832000000,5233000000,0.0,3401000000,0.0,744000000,3401000000,0.0,0.0,3125000000,0.0,0.0,0.0,2818421052,2818421052,https://www.sec.gov/Archives/edgar/data/310158/000095012311074096/0000950123-11-074096-index.htm,https://www.sec.gov/Archives/edgar/data/310158/000095012311074096/y91416e10vq.htm
2011-03-31,MRK,2011-05-09,2011-05-09 07:58:35,Q1,0.0,0.0,0.0,0.0,2158000000,0.0,3164000000,622000000,5322000000,5322000000,0.0,1831000000,3560000000,0.0,1729000000,0.0,622000000,1729000000,0.0,0.0,1071000000,0.0,0.0,0.0,0.0,0.0,https://www.sec.gov/Archives/edgar/data/310158/000095012311047041/0000950123-11-047041-index.htm,https://www.sec.gov/Archives/edgar/data/310158/000095012311047041/y90523e10vq.htm
2010-12-31,MRK,2011-02-28,2011-02-28 08:05:34,FY,0.0,144000000,-144000000,0.0,0.0,0.0,0.0,849000000,0.0,144000000,0.0,1866000000,4260000000,0.0,2394000000,0.0,0.0,2394000000,0.0,0.0,2394000000,0.0,0.0,0.0,0.0,0.0,https://www.sec.gov/Archives/edgar/data/310158/000095012311019286/0000950123-11-019286-index.htm,https://www.sec.gov/Archives/edgar/data/310158/000095012311019286/y87773e10vk.htm
2010-09-30,MRK,2010-11-08,2010-11-08 07:47:43,Q3,0.0,0.0,0.0,0.0,-6474000000,0.0,0.0,-2558000000,-6474000000,-6474000000,0.0,1880000000,1880000000,0.0,0.0,0.0,0.0,0.0,0.0,0.0,0.0,0.0,0.0,0.0,1460526315,1460526315,https://www.sec.gov/Archives/edgar/data/310158/000095012310102135/0000950123-10-102135-index.htm,https://www.sec.gov/Archives/edgar/data/310158/000095012310102135/y86670e10vq.htm
2010-06-30,MRK,2010-08-06,2010-08-06 16:24:30,Q2,0.0,0.0,0.0,0.0,4177000000,0.0,6448000000,-112000000,10625000000,10625000000,0.0,1948000000,3804000000,0.0,1856000000,0.0,-112000000,1856000000,0.0,0.0,1110000000,0.0,0.0,0.0,868421052,868421052,https://www.sec.gov/Archives/edgar/data/310158/000095012310074336/0000950123-10-074336-index.htm,https://www.sec.gov/Archives/edgar/data/310158/000095012310074336/y83714e10vq.htm
2010-03-31,MRK,2010-05-07,2010-05-07 08:20:51,Q1,0.0,0.0,0.0,0.0,2026000000,0.0,3246000000,167000000,5272000000,5272000000,0.0,1687000000,2302000000,0.0,615000000,0.0,167000000,615000000,0.0,0.0,330000000,0.0,0.0,0.0,0.0,0.0,https://www.sec.gov/Archives/edgar/data/310158/000095012310045997/0000950123-10-045997-index.htm,https://www.sec.gov/Archives/edgar/data/310158/000095012310045997/y84066e10vq.htm
2009-12-31,MRK,2010-03-01,2010-03-01 07:33:21,FY,0.0,144000000,-144000000,0.0,0.0,0.0,0.0,848000000,0.0,144000000,0.0,1647000000,4041000000,0.0,2394000000,0.0,0.0,2394000000,0.0,0.0,2394000000,0.0,1.1977,1.1977,1998831092,1998831092,https://www.sec.gov/Archives/edgar/data/310158/000095012310018679/0000950123-10-018679-index.htm,https://www.sec.gov/Archives/edgar/data/310158/000095012310018679/y81622e10vk.htm
2009-09-30,MRK,2009-10-29,2009-10-29 16:33:24,Q3,4499000000,1719000000,2780000000,0.6179150922427206,913000000,1510000000,0.0,103000000,2423000000,4142000000,0.0,347000000,959000000,0.21315847966214715,612000000,0.13603022893976438,103000000,612000000,0.13603022893976438,97000000,515000000,0.11446988219604357,1.13,1.13,1761946902,1761946902,https://www.sec.gov/Archives/edgar/data/310158/000095012309054872/0000950123-09-054872-index.htm,https://www.sec.gov/Archives/edgar/data/310158/000095012309054872/y79731e10vq.htm
2009-06-30,MRK,2009-07-24,2009-07-24 16:45:16,Q2,4647000000,1620000000,3027000000,0.6513879922530665,863000000,1626000000,0.0,106000000,2489000000,4109000000,0.0,582000000,1355000000,0.2915859694426512,773000000,0.1663438777706047,106000000,773000000,0.1663438777706047,102000000,671000000,0.14439423283839037,0.85,0.85,1736470588,1736470588,https://www.sec.gov/Archives/edgar/data/310158/000095012309025362/0000950123-09-025362-index.htm,https://www.sec.gov/Archives/edgar/data/310158/000095012309025362/y78281e10vq.htm
2009-03-31,MRK,2009-05-01,2009-05-01 16:23:23,Q1,4393000000,1399000000,2994000000,0.6815388117459594,804000000,1493000000,0.0,88000000,2297000000,3696000000,0.0,0.0,934000000,0.21261097200091053,934000000,0.21261097200091053,88000000,934000000,0.21261097200091053,129000000,805000000,0.18324607329842932,0.46,0.46,1750000000,1750000000,https://www.sec.gov/Archives/edgar/data/310158/000095012309007740/0000950123-09-007740-index.htm,https://www.sec.gov/Archives/edgar/data/310158/000095012309007740/y76789e10vq.htm
2008-12-31,MRK,2009-02-27,2009-02-27 16:57:48,FY,4348000000,1525000000,2823000000,0.6492640294388224,850000000,1615000000,0.0,146000000,2465000000,3990000000,0.0,362000000,889000000,0.2044618215271389,527000000,0.12120515179392824,146000000,527000000,0.12120515179392824,-61000000,588000000,0.13523459061637536,1.07,1.07,1778504672,1778504672,https://www.sec.gov/Archives/edgar/data/310158/000095012309003694/0000950123-09-003694-index.htm,https://www.sec.gov/Archives/edgar/data/310158/000095012309003694/y74771e10vk.htm
2008-09-30,MRK,2008-10-29,2008-10-28 20:23:49,Q3,4577000000,1738000000,2839000000,0.6202752894909329,893000000,1661000000,0.0,-40000000,2554000000,4292000000,0.0,394000000,1052000000,0.22984487655669653,658000000,0.14376228970941665,-40000000,658000000,0.14376228970941665,69000000,589000000,0.12868691282499453,0.74,0.74,1777027027,1777027027,https://www.sec.gov/Archives/edgar/data/310158/000095012308013650/0000950123-08-013650-index.htm,https://www.sec.gov/Archives/edgar/data/310158/000095012308013650/y72131e10vq.htm
2008-06-30,MRK,2008-08-01,2008-08-01 16:42:51,Q2,4920000000,1907000000,3013000000,0.6123983739837399,906000000,1871000000,0.0,134000000,2777000000,4684000000,0.0,1419000000,1920000000,0.3902439024390244,501000000,0.10182926829268292,134000000,501000000,0.10182926829268292,66000000,435000000,0.08841463414634146,0.4,0.4,1815000000,1815000000,https://www.sec.gov/Archives/edgar/data/310158/000095012308008715/0000950123-08-008715-index.htm,https://www.sec.gov/Archives/edgar/data/310158/000095012308008715/y64396e10vq.htm
2008-03-31,MRK,2008-05-06,2008-05-06 17:02:24,Q1,4657000000,2137000000,2520000000,0.541120893278935,880000000,1676000000,0.0,95000000,2556000000,4693000000,0.0,0.0,363000000,0.07794717629375134,363000000,0.07794717629375134,95000000,363000000,0.07794717629375134,72000000,291000000,0.06248657934292463,0.15,0.15,1940000000,1940000000,https://www.sec.gov/Archives/edgar/data/310158/000095012308005202/0000950123-08-005202-index.htm,https://www.sec.gov/Archives/edgar/data/310158/000095012308005202/y57255e10vq.htm
2007-12-31,MRK,2008-02-29,2008-02-29 14:32:49,FY,3725000000,1567000000,2158000000,0.5793288590604027,855000000,1635000000,0.0,-683000000,2490000000,4057000000,0.0,491000000,-2849000000,-0.7648322147651007,-3340000000,-0.8966442953020134,-232000000,-3340000000,-0.8966442953020134,-14000000,-3326000000,-0.8928859060402684,-1.04,-1.04,1416346153,1416346153,https://www.sec.gov/Archives/edgar/data/310158/000095012308002339/0000950123-08-002339-index.htm,https://www.sec.gov/Archives/edgar/data/310158/000095012308002339/y50144e10vk.htm
2007-09-30,MRK,2007-10-26,2007-10-26 08:53:10,Q3,2812000000,925000000,1887000000,0.6710526315789473,668000000,1261000000,0.0,0.0,1929000000,2854000000,0.0,127000000,959000000,0.3410384068278805,832000000,0.2958748221906117,-389000000,832000000,0.2958748221906117,82000000,750000000,0.26671408250355616,1.15,1.15,1611304347,1611304347,https://www.sec.gov/Archives/edgar/data/310158/000095012307014306/0000950123-07-014306-index.htm,https://www.sec.gov/Archives/edgar/data/310158/000095012307014306/y41280e10vq.htm
2007-06-30,MRK,2007-07-27,2007-07-27 09:49:23,Q2,3178000000,976000000,2202000000,0.6928886091881686,696000000,1359000000,0.0,0.0,2055000000,3031000000,0.0,124000000,765000000,0.2407174323473883,641000000,0.20169918187539332,-14000000,641000000,0.20169918187539332,103000000,538000000,0.16928886091881687,0.7,0.7,1575714285,1575714285,https://www.sec.gov/Archives/edgar/data/310158/000095012307010384/0000950123-07-010384-index.htm,https://www.sec.gov/Archives/edgar/data/310158/000095012307010384/y37453e10vq.htm
2007-03-31,MRK,2007-04-27,2007-04-27 10:47:12,Q1,2975000000,937000000,2038000000,0.6850420168067227,707000000,1213000000,0.0,0.0,1920000000,2857000000,0.0,119000000,771000000,0.25915966386554623,652000000,0.21915966386554622,-48000000,652000000,0.21915966386554622,87000000,565000000,0.1899159663865546,0.36,0.36,1569444444,1569444444,https://www.sec.gov/Archives/edgar/data/310158/000095012307006129/0000950123-07-006129-index.htm,https://www.sec.gov/Archives/edgar/data/310158/000095012307006129/y33954e10vq.htm
2006-12-31,MRK,2007-02-28,2007-02-28 10:13:21,FY,2650000000,915000000,1735000000,0.6547169811320754,631000000,1251000000,0.0,-46000000,1882000000,2797000000,0.0,-408000000,-118000000,-0.04452830188679245,290000000,0.10943396226415095,-46000000,290000000,0.10943396226415095,87000000,181000000,0.06830188679245283,0.69,0.69,1624637681,1624637681,https://www.sec.gov/Archives/edgar/data/310158/000095012307002869/0000950123-07-002869-index.htm,https://www.sec.gov/Archives/edgar/data/310158/000095012307002869/y30437e10vk.htm
2006-09-30,MRK,2006-10-27,2006-10-27 10:22:38,Q3,2575000000,885000000,1690000000,0.6563106796116505,537000000,1157000000,0.0,-37000000,1694000000,2579000000,0.0,157000000,570000000,0.22135922330097088,413000000,0.1603883495145631,-37000000,413000000,0.1603883495145631,103000000,332000000,0.12893203883495147,0.57,0.57,1649122807,1649122807,https://www.sec.gov/Archives/edgar/data/310158/000095012306013091/0000950123-06-013091-index.htm,https://www.sec.gov/Archives/edgar/data/310158/000095012306013091/y25965e10vq.htm
2006-06-30,MRK,2006-07-28,2006-07-28 15:40:04,Q2,2818000000,1004000000,1814000000,0.6437189496096523,539000000,1224000000,0.0,-18000000,1763000000,2767000000,0.0,133000000,477000000,0.16926898509581265,344000000,0.12207239176721078,-18000000,344000000,0.12207239176721078,86000000,236000000,0.08374733853797019,0.38,0.38,1600000000,1600000000,https://www.sec.gov/Archives/edgar/data/310158/000095012306009584/0000950123-06-009584-index.htm,https://www.sec.gov/Archives/edgar/data/310158/000095012306009584/y21847e10vq.htm
2006-03-31,MRK,2006-04-27,2006-04-27 09:21:42,Q1,2551000000,893000000,1658000000,0.6499411995295963,481000000,1086000000,0.0,-34000000,1567000000,2460000000,0.0,118000000,554000000,0.21716973735789885,436000000,0.17091336730693846,-34000000,436000000,0.17091336730693846,86000000,372000000,0.14582516660133282,0.22,0.22,1690909090,1690909090,https://www.sec.gov/Archives/edgar/data/310158/000095012306005259/0000950123-06-005259-index.htm,https://www.sec.gov/Archives/edgar/data/310158/000095012306005259/y20167e10vq.htm
2005-12-31,MRK,2006-02-28,2006-02-28 16:01:40,FY,1236000000,276000000,960000000,0.7766990291262136,258000000,563000000,0.0,-141000000,821000000,1097000000,0.0,33000000,698000000,0.5647249190938511,665000000,0.5380258899676376,-141000000,665000000,0.5380258899676376,-551000000,1216000000,0.9838187702265372,0.12,0.12,2241666666,2241666666,https://www.sec.gov/Archives/edgar/data/310158/000095012306002367/0000950123-06-002367-index.htm,https://www.sec.gov/Archives/edgar/data/310158/000095012306002367/y17883e10vk.htm
2004-12-31,MRK,2005-03-09,2005-03-09 06:03:06,FY,6309000000,2330000000,3979000000,0.6306863211285465,1235000000,2897000000,0.0,110000000,4132000000,6462000000,0.0,343000000,266000000,0.04216199080678396,-77000000,-0.012204786812490093,110000000,-77000000,-0.012204786812490093,761000000,-838000000,-0.13282612141385322,-0.67,-0.67,1413432835,1413432835,https://www.sec.gov/Archives/edgar/data/310158/000095012305002785/0000950123-05-002785-index.htm,https://www.sec.gov/Archives/edgar/data/310158/000095012305002785/y05567e10vk.htm
2004-03-31,MRK,2004-04-28,2004-04-28 15:48:34,Q1,1963000000,740000000,1223000000,0.6230259806418746,372000000,914000000,0.0,36000000,1286000000,2026000000,0.0,110000000,19000000,0.00967906265919511,-91000000,-0.046357615894039736,36000000,-91000000,-0.046357615894039736,18000000,-109000000,-0.05552725420275089,-0.05,-0.05,2180000000,2180000000,https://www.sec.gov/Archives/edgar/data/310158/000095012304005315/0000950123-04-005315-index.htm,https://www.sec.gov/Archives/edgar/data/310158/000095012304005315/y96677e10vq.htm
2003-12-31,MRK,2004-02-26,2004-02-26 12:16:19,FY,1882000000,739000000,1143000000,0.6073326248671626,330000000,821000000,0.0,-340000000,1151000000,1890000000,0.0,417000000,204000000,0.10839532412327312,-213000000,-0.11317747077577045,-340000000,-213000000,-0.11317747077577045,-77000000,-136000000,-0.07226354941551541,-0.06,-0.06,766666666,766666666,https://www.sec.gov/Archives/edgar/data/310158/000095012304002379/0000950123-04-002379-index.htm,https://www.sec.gov/Archives/edgar/data/310158/000095012304002379/y94582e10vk.htm
2003-09-30,MRK,2003-11-07,2003-11-07 16:03:23,Q3,2041000000,652000000,1389000000,0.6805487506124449,402000000,873000000,0.0,391000000,1275000000,1927000000,0.0,0.0,-277000000,-0.13571778539931406,-277000000,-0.13571778539931406,391000000,-277000000,-0.13571778539931406,77000000,-265000000,-0.12983831455169034,0.06,0.06,1500000000,1500000000,https://www.sec.gov/Archives/edgar/data/310158/000031015803000108/0000310158-03-000108-index.htm,https://www.sec.gov/Archives/edgar/data/310158/000031015803000108/formtenq.htm
2003-06-30,MRK,2003-07-31,2003-07-31 09:35:55,Q2,2337000000,784000000,1553000000,0.6645271715875053,393000000,937000000,0.0,-5000000.0,1330000000,2114000000,0.0,-95000000,133000000,0.056910569105691054,228000000,0.0975609756097561,-5000000.0,228000000,0.0975609756097561,0.0,182000000,0.07787762088147197,0.24,0.24,1479166666,1479166666,https://www.sec.gov/Archives/edgar/data/310158/000031015803000051/0000310158-03-000051-index.htm,https://www.sec.gov/Archives/edgar/data/310158/000031015803000051/tenqform.htm
2003-03-31,MRK,2003-05-13,2003-05-13 08:07:01,Q1,2074000000,658000000,1416000000,0.682738669238187,344000000,843000000,0.0,13000000,1187000000,1845000000,0.0,95000000,311000000,0.14995178399228543,216000000,0.10414657666345227,13000000,216000000,0.10414657666345227,0.0,173000000,0.08341369334619093,0.12,0.12,1441666666,1441666666,https://www.sec.gov/Archives/edgar/data/310158/000031015803000011/0000310158-03-000011-index.htm,https://www.sec.gov/Archives/edgar/data/310158/000031015803000011/tenqbodyhtml.htm
2002-12-31,MRK,2003-03-10,2003-03-10 16:45:34,FY,2370000000,607000000,1763000000,0.7438818565400844,408000000,897000000,0.0,6000000.0,1305000000,1918000000,0.0,372000000,777000000,0.3278481012658228,405000000,0.17088607594936708,53000000,405000000,0.17088607594936708,0.0,312000000,0.13164556962025317,1.34,1.34,1473134328,1473134328,https://www.sec.gov/Archives/edgar/data/310158/000031015803000008/0000310158-03-000008-index.htm,https://www.sec.gov/Archives/edgar/data/310158/000031015803000008/tenkdoc.htm
2002-09-30,MRK,2002-11-13,2002-11-12 18:08:33,Q3,2421000000,644000000,1777000000,0.7339942172655928,355000000,870000000,0.0,0.0,1225000000,1869000000,0.0,0.0,558000000,0.23048327137546468,558000000,0.23048327137546468,-6000000.0,558000000,0.23048327137546468,0.0,430000000,0.17761255679471294,1.13,1.13,1470796460,1470796460,https://www.sec.gov/Archives/edgar/data/310158/000031015802000012/0000310158-02-000012-index.htm,https://www.sec.gov/Archives/edgar/data/310158/000031015802000012/septq.htm
2002-06-30,MRK,2002-08-13,2002-08-13 16:26:04,Q2,2833000000,675000000,2158000000,0.7617366749029297,357000000,995000000,0.0,0.0,1352000000,2027000000,0.0,-88000000,733000000,0.2587363219202259,821000000,0.2897987998588069,-15000000,821000000,0.2897987998588069,0.0,632000000,0.22308506883162724,0.84,0.84,1466666666,1466666666,https://www.sec.gov/Archives/edgar/data/310158/000031015802000008/0000310158-02-000008-index.htm,https://www.sec.gov/Archives/edgar/data/310158/000031015802000008/tenqbody.htm
2002-03-31,MRK,2002-05-15,2002-05-15 10:23:39,Q1,2556000000,579000000,1977000000,0.7734741784037559,305000000,919000000,0.0,0.0,1224000000,1803000000,0.0,88000000,867000000,0.3392018779342723,779000000,0.30477308294209704,-26000000,779000000,0.30477308294209704,0.0,600000000,0.2347417840375587,0.41,0.41,1463414634,1463414634,https://www.sec.gov/Archives/edgar/data/310158/000031015802000003/0000310158-02-000003-index.htm,https://www.sec.gov/Archives/edgar/data/310158/000031015802000003/mar02qbody.htm
2001-12-31,MRK,2002-03-29,2002-03-29 00:00:00,FY,2472000000,588000000,1884000000,0.7621359223300971,378000000,831000000,0.0,405000000,1209000000,2202000000,0.0,68000000,254000000,0.10275080906148867,186000000,0.07524271844660194,489000000,186000000,0.07524271844660194,0.0,143000000,0.05784789644012945,1.32,1.32,1471969696,1471969696,https://www.sec.gov/Archives/edgar/data/310158/000031015802000002/0000310158-02-000002-index.htm,https://www.sec.gov/Archives/edgar/data/310158/000031015802000002/body.htm
2001-09-30,MRK,2001-11-13,2001-11-13 00:00:00,Q3,2381000000,485000000,1896000000,0.7963040739185216,310000000,834000000,0.0,0.0,1144000000,1629000000,0.0,93000000,874000000,0.3670726585468291,781000000,0.3280134397312054,-29000000,781000000,0.3280134397312054,0.0,602000000,0.252834943301134,1.22,1.22,1475409836,1475409836,https://www.sec.gov/Archives/edgar/data/310158/000031015801500011/0000310158-01-500011-index.htm,https://www.sec.gov/Archives/edgar/data/310158/000031015801500011/body3q01.htm
2001-06-30,MRK,2001-08-13,2001-08-13 00:00:00,Q2,2630000000,535000000,2095000000,0.7965779467680608,335000000,967000000,0.0,0.0,1302000000,1837000000,0.0,75000000,898000000,0.3414448669201521,823000000,0.3129277566539924,-30000000,823000000,0.3129277566539924,0.0,634000000,0.24106463878326997,0.81,0.81,1479012345,1479012345,https://www.sec.gov/Archives/edgar/data/310158/000031015801500010/0000310158-01-500010-index.htm,https://www.sec.gov/Archives/edgar/data/310158/000031015801500010/finalqbody.htm
2001-03-31,MRK,2001-05-15,2001-05-15 00:00:00,Q1,2319000000,470000000,1849000000,0.7973264338076758,289000000,852000000,0.0,0.0,1141000000,1611000000,0.0,84000000,817000000,0.3523070288917637,733000000,0.31608451918930575,-25000000,733000000,0.31608451918930575,0.0,564000000,0.24320827943078913,0.38,0.38,1484210526,1484210526,https://www.sec.gov/Archives/edgar/data/310158/000031015801500006/0000310158-01-500006-index.htm,https://www.sec.gov/Archives/edgar/data/310158/000031015801500006/qfinalbody.htm
2000-12-31,MRK,2001-03-13,2001-03-13 00:00:00,FY,2373000000,488000000,1885000000,0.7943531394858828,358000000,795000000,0.0,-93000000,1153000000,1548000000,0.0,75000000,826000000,0.3480825958702065,751000000,0.3164770332911926,-19000000,751000000,0.3164770332911926,0.0,571000000,0.2406236831015592,1.64,1.64,1477439024,1477439024,https://www.sec.gov/Archives/edgar/data/310158/000031015801500003/0000310158-01-500003-index.htm,https://www.sec.gov/Archives/edgar/data/310158/000031015801500003/final10k.htm
