date,symbol,fillingDate,acceptedDate,period,revenue,costOfRevenue,grossProfit,grossProfitRatio,researchAndDevelopmentExpenses,generalAndAdministrativeExpenses,sellingAndMarketingExpenses,otherExpenses,operatingExpenses,costAndExpenses,interestExpense,depreciationAndAmortization,ebitda,ebitdaratio,operatingIncome,operatingIncomeRatio,totalOtherIncomeExpensesNet,incomeBeforeTax,incomeBeforeTaxRatio,incomeTaxExpense,netIncome,netIncomeRatio,eps,epsdiluted,weightedAverageShsOut,weightedAverageShsOutDil,link,finalLink
2019-12-31,MS,2020-02-27,2020-02-27 16:34:27,FY,10857000000,0.0,10857000000,1.0,567000000,5228000000,0.0,0.0,5795000000,5795000000,2519000000,656000000,3389000000,0.312148844064,2733000000,0.251726996408,0.0,2733000000,0.251726996408,428000000,2239000000,0.206226397716,1.32,1.3,1617000000,1640000000,https://www.sec.gov/Archives/edgar/data/895421/000089542120000265/0000895421-20-000265-index.htm,https://www.sec.gov/Archives/edgar/data/895421/000089542120000265/msq4201910k.htm
2019-09-30,MS,2019-11-05,2019-11-05 16:28:57,Q3,10032000000,0.0,10032000000,1.0,557000000,4427000000,0.0,0.0,4984000000,4984000000,3132000000,654000000,3364000000,0.335326953748,2710000000,0.270135566188,0.0,2710000000,0.270135566188,492000000,2173000000,0.216606858054,1.29,1.27,1632000000,1653000000,https://www.sec.gov/Archives/edgar/data/895421/000162828019013331/0001628280-19-013331-index.htm,https://www.sec.gov/Archives/edgar/data/895421/000162828019013331/msq30930201910-q.htm
2019-06-30,MS,2019-08-05,2019-08-05 16:33:42,Q2,10244000000,0.0,10244000000,1.0,538000000,4531000000,0.0,0.0,5069000000,5069000000,3477000000,675000000,3578000000,0.349277625927,2903000000,0.28338539633,0.0,2903000000,0.28338539633,657000000,2201000000,0.214857477548,1.24,1.23,1646000000,1666000000,https://www.sec.gov/Archives/edgar/data/895421/000162828019009973/0001628280-19-009973-index.htm,https://www.sec.gov/Archives/edgar/data/895421/000162828019009973/msq20630201910-q.htm
2019-03-31,MS,2019-05-03,2019-05-03 16:08:33,Q1,10286000000,0.0,10286000000,1.0,532000000,4651000000,0.0,0.0,5183000000,5183000000,3276000000,658000000,3613000000,0.35125413183,2955000000,0.287283686564,0.0,2955000000,0.287283686564,487000000,2429000000,0.236146218161,1.41,1.39,1658000000,1677000000,https://www.sec.gov/Archives/edgar/data/895421/000119312519136929/0001193125-19-136929-index.htm,https://www.sec.gov/Archives/edgar/data/895421/000119312519136929/d673523d10q.htm
2018-12-31,MS,2019-02-26,2019-02-26 16:12:52,FY,8548000000,0.0,8548000000,1.0,529000000,3787000000,0.0,0.0,4316000000,4316000000,3122000000,469000000,2326000000,0.27211043519,1857000000,0.217243799719,0.0,1857000000,0.217243799719,300000000,1531000000,0.179106223678,0.82,0.81,1708000000,1738000000,https://www.sec.gov/Archives/edgar/data/895421/000119312519051943/0001193125-19-051943-index.htm,https://www.sec.gov/Archives/edgar/data/895421/000119312519051943/d707577d10k.htm
2018-09-30,MS,2018-11-05,2018-11-05 16:15:28,Q3,9872000000,0.0,9872000000,1.0,513000000,4310000000,0.0,0.0,4823000000,4823000000,2691000000,468000000,3319000000,0.336203403566,2851000000,0.288796596434,0.0,2851000000,0.288796596434,696000000,2112000000,0.213938411669,1.19,1.17,1719000000,1749000000,https://www.sec.gov/Archives/edgar/data/895421/000119312518318377/0001193125-18-318377-index.htm,https://www.sec.gov/Archives/edgar/data/895421/000119312518318377/d645593d10q.htm
2018-06-30,MS,2018-08-03,2018-08-03 16:14:25,Q2,10610000000,0.0,10610000000,1.0,496000000,4621000000,0.0,0.0,5117000000,5117000000,2388000000,517000000,3626000000,0.341753063148,3109000000,0.293025447691,0.0,3109000000,0.293025447691,640000000,2437000000,0.229688972667,1.32,1.3,1730000000,1760000000,https://www.sec.gov/Archives/edgar/data/895421/000119312518238269/0001193125-18-238269-index.htm,https://www.sec.gov/Archives/edgar/data/895421/000119312518238269/d576100d10q.htm
2018-03-31,MS,2018-05-04,2018-05-04 16:43:45,Q1,11077000000,0.0,11077000000,1.0,478000000,4914000000,0.0,0.0,5392000000,5392000000,1885000000,390000000,3810000000,0.34395594475,3420000000,0.308747855918,0.0,3420000000,0.308747855918,714000000,2668000000,0.240859438476,1.48,1.45,1740000000,1771000000,https://www.sec.gov/Archives/edgar/data/895421/000119312518152899/0001193125-18-152899-index.htm,https://www.sec.gov/Archives/edgar/data/895421/000119312518152899/d556270d10q.htm
2017-12-31,MS,2018-02-27,2018-02-27 16:09:47,FY,9500000000,0.0,9500000000,1.0,471000000,4279000000,0.0,0.0,4750000000,4750000000,1591000000,413000000,2884000000,0.303578947368,2471000000,0.260105263158,0.0,2471000000,0.260105263158,1810000000,643000000,0.0676842105263,0.28,0.28,1780000000,1821000000,https://www.sec.gov/Archives/edgar/data/895421/000119312518060831/0001193125-18-060831-index.htm,https://www.sec.gov/Archives/edgar/data/895421/000119312518060831/d500533d10k.htm
2017-09-30,MS,2017-11-03,2017-11-03 07:37:45,Q3,9197000000,0.0,9197000000,1.0,459000000,4169000000,0.0,0.0,4628000000,4628000000,1557000000,451000000,2933000000,0.318908339676,2482000000,0.269870609982,0.0,2482000000,0.269870609982,697000000,1781000000,0.193650103295,0.95,0.92,1789000000,1830000000,https://www.sec.gov/Archives/edgar/data/895421/000119312517331902/0001193125-17-331902-index.htm,https://www.sec.gov/Archives/edgar/data/895421/000119312517331902/d437627d10q.htm
2017-06-30,MS,2017-08-03,2017-08-03 16:09:37,Q2,9503000000,0.0,9503000000,1.0,433000000,4252000000,0.0,0.0,4685000000,4685000000,1355000000,455000000,3097000000,0.325897085131,2642000000,0.278017468168,0.0,2642000000,0.278017468168,846000000,1757000000,0.184888982427,0.89,0.87,1796000000,1836000000,https://www.sec.gov/Archives/edgar/data/895421/000119312517247402/0001193125-17-247402-index.htm,https://www.sec.gov/Archives/edgar/data/895421/000119312517247402/d421308d10q.htm
2017-03-31,MS,2017-05-04,2017-05-04 16:09:41,Q1,9745000000,0.0,9745000000,1.0,428000000,4466000000,0.0,0.0,4894000000,4894000000,1194000000,434000000,3242000000,0.332683427399,2808000000,0.288147768086,0.0,2808000000,0.288147768086,815000000,1930000000,0.198050282196,1.02,1.0,1801000000,1842000000,https://www.sec.gov/Archives/edgar/data/895421/000119312517158668/0001193125-17-158668-index.htm,https://www.sec.gov/Archives/edgar/data/895421/000119312517158668/d372076d10q.htm
2016-12-31,MS,2017-02-27,2017-02-27 17:05:04,FY,9021000000,0.0,9021000000,1.0,460000000,4083000000,-418000000,0.0,4543000000,4543000000,985000000,379000000,2625000000,0.290987695377,2246000000,0.248974614788,0.0,2246000000,0.248974614788,566000000,1666000000,0.184680190666,0.83,0.81,1849000000,1887000000,https://www.sec.gov/Archives/edgar/data/895421/000119312517059212/0001193125-17-059212-index.htm,https://www.sec.gov/Archives/edgar/data/895421/000119312517059212/d328282d10k.htm
2016-09-30,MS,2016-11-02,2016-11-02 16:09:20,Q3,8909000000,0.0,8909000000,1.0,456000000,4097000000,418000000,0.0,4553000000,4553000000,731000000,478000000,2859000000,0.320911437872,2381000000,0.267257829162,0.0,2381000000,0.267257829162,749000000,1597000000,0.179256931193,0.83,0.81,1863000000,1898000000,https://www.sec.gov/Archives/edgar/data/895421/000119312516757027/0001193125-16-757027-index.htm,https://www.sec.gov/Archives/edgar/data/895421/000119312516757027/d272293d10q.htm
2016-06-30,MS,2016-08-03,2016-08-03 16:08:26,Q2,8909000000,0.0,8909000000,1.0,429000000,4015000000,0.0,0.0,4444000000,4444000000,754000000,464000000,2947000000,0.330789089685,2483000000,0.278706925581,0.0,2483000000,0.278706925581,833000000,1582000000,0.177573240543,0.76,0.75,1875000000,1907000000,https://www.sec.gov/Archives/edgar/data/895421/000119312516670066/0001193125-16-670066-index.htm,https://www.sec.gov/Archives/edgar/data/895421/000119312516670066/d212576d10q.htm
2016-03-31,MS,2016-05-04,2016-05-04 17:07:02,Q1,7792000000,0.0,7792000000,1.0,442000000,3683000000,134000000,0.0,4125000000,4125000000,848000000,415000000,2153000000,0.276309034908,1738000000,0.223049281314,0.0,1738000000,0.223049281314,578000000,1134000000,0.145533880903,0.56,0.55,1883141468,1914840943,https://www.sec.gov/Archives/edgar/data/895421/000119312516577875/0001193125-16-577875-index.htm,https://www.sec.gov/Archives/edgar/data/895421/000119312516577875/d137631d10q.htm
2015-12-31,MS,2016-02-23,2016-02-23 16:13:59,FY,7738000000,0.0,7738000000,1.0,467000000,3650000000,0.0,0.0,4117000000,4117000000,477000000,410000000,1849000000,0.238950633239,1439000000,0.185965365728,0.0,1439000000,0.185965365728,496000000,908000000,0.117342982683,0.4,0.39,1909116527,1952815453,https://www.sec.gov/Archives/edgar/data/895421/000119312516473553/0001193125-16-473553-index.htm,https://www.sec.gov/Archives/edgar/data/895421/000119312516473553/d48186d10k.htm
2015-09-30,MS,2015-11-03,2015-11-03 16:18:07,Q3,7767000000,0.0,7767000000,1.0,447000000,3437000000,158000000,0.0,3884000000,3884000000,689000000,369000000,1843000000,0.237285953393,1474000000,0.189777262778,0.0,1474000000,0.189777262778,423000000,1018000000,0.131067336166,0.5,0.48,1915807606,1957544581,https://www.sec.gov/Archives/edgar/data/895421/000119312515364313/0001193125-15-364313-index.htm,https://www.sec.gov/Archives/edgar/data/895421/000119312515364313/d97616d10q.htm
2015-06-30,MS,2015-08-04,2015-08-04 16:08:50,Q2,9743000000,0.0,9743000000,1.0,438000000,4405000000,179000000,0.0,4843000000,4843000000,688000000,333000000,3060000000,0.314071641178,2727000000,0.279893256697,0.0,2727000000,0.279893256697,894000000,1807000000,0.185466488761,0.87,0.85,1921604663,1961676071,https://www.sec.gov/Archives/edgar/data/895421/000119312515276529/0001193125-15-276529-index.htm,https://www.sec.gov/Archives/edgar/data/895421/000119312515276529/d52951d10q.htm
2015-03-31,MS,2015-05-04,2015-05-04 16:20:44,Q1,9907000000,0.0,9907000000,1.0,415000000,4524000000,150000000,0.0,4939000000,4939000000,888000000,321000000,3176000000,0.320581407086,2855000000,0.288180074695,0.0,2855000000,0.288180074695,387000000,2394000000,0.241647320077,1.2,1.18,1924122199,1962996441,https://www.sec.gov/Archives/edgar/data/895421/000119312515169056/0001193125-15-169056-index.htm,https://www.sec.gov/Archives/edgar/data/895421/000119312515169056/d915441d10q.htm
2014-12-31,MS,2015-03-02,2015-03-02 09:16:58,FY,7764000000,0.0,7764000000,1.0,404000000,5104000000,0.0,0.0,5508000000,5508000000,833000000,413000000,2074000000,0.6379575515226085,1661000000,0.5109197170101507,0.0,1661000000,0.5109197170101507,-423000000,3467000000,1.0664410950476777,-0.9,-0.89,1923805397,1970535560,https://www.sec.gov/Archives/edgar/data/895421/000119312515071980/0001193125-15-071980-index.htm,https://www.sec.gov/Archives/edgar/data/895421/000119312515071980/d869080d10k.htm
2014-09-30,MS,2014-11-04,2014-11-04 16:10:39,Q3,8956000000,0.0,8956000000,1.0,396000000,4215000000,160000000,0.0,4611000000,4611000000,827000000,136000000,2400000000,0.267976775346,2264000000,0.252791424743,0.0,2264000000,0.252791424743,468000000,1693000000,0.189035283609,0.84,0.83,1925172108,1970091170,https://www.sec.gov/Archives/edgar/data/895421/000119312514396227/0001193125-14-396227-index.htm,https://www.sec.gov/Archives/edgar/data/895421/000119312514396227/d812414d10q.htm
2014-06-30,MS,2014-08-05,2014-08-05 16:33:05,Q2,8626000000,0.0,8626000000,1.0,411000000,4200000000,165000000,0.0,4611000000,4611000000,983000000,286000000,2237000000,0.259332251333,1951000000,0.226176675168,0.0,1951000000,0.226176675168,33000000,1899000000,0.220148388593,0.95,0.92,1926260244,1969675518,https://www.sec.gov/Archives/edgar/data/895421/000119312514295874/0001193125-14-295874-index.htm,https://www.sec.gov/Archives/edgar/data/895421/000119312514295874/d763478d10q.htm
2014-03-31,MS,2014-05-06,2014-05-06 16:13:13,Q1,8929000000,0.0,8929000000,1.0,424000000,4305000000,147000000,0.0,4729000000,4729000000,1035000000,326000000,2633000000,0.294881845671,2307000000,0.258371598163,0.0,2307000000,0.258371598163,762000000,1505000000,0.168551909508,0.75,0.74,1924270160,1969652798,https://www.sec.gov/Archives/edgar/data/895421/000119312514184868/0001193125-14-184868-index.htm,https://www.sec.gov/Archives/edgar/data/895421/000119312514184868/d710773d10q.htm
2013-12-31,MS,2014-02-25,2014-02-25 16:34:54,FY,7824000000,0.0,7824000000,1.0,445000000,3988000000,0.0,0.0,4433000000,4433000000,800000000,427000000,213000000,0.0272239263804,-950000000,-1.881188118811881,0.0,-950000000,-1.881188118811881,-354000000,84000000,0.010736196319,0.02,0.02,1905823882,1956519738,https://www.sec.gov/Archives/edgar/data/895421/000119312514067354/0001193125-14-067354-index.htm,https://www.sec.gov/Archives/edgar/data/895421/000119312514067354/d639242d10k.htm
2013-09-30,MS,2013-11-04,2013-11-04 17:14:21,Q3,7932000000,0.0,7932000000,1.0,405000000,3968000000,151000000,0.0,4373000000,4373000000,1200000000,368000000,1707000000,0.215204236006,1339000000,0.168809884014,0.0,1339000000,0.168809884014,339000000,906000000,0.114220877458,0.46,0.45,1906097564,1952146477,https://www.sec.gov/Archives/edgar/data/895421/000119312513425422/0001193125-13-425422-index.htm,https://www.sec.gov/Archives/edgar/data/895421/000119312513425422/d619078d10q.htm
2013-06-30,MS,2013-08-02,2013-08-02 16:08:55,Q2,8503000000,0.0,8503000000,1.0,470000000,4105000000,163000000,0.0,4575000000,4575000000,1218000000,356000000,2131000000,0.250617429143,1775000000,0.208749852993,0.0,1775000000,0.208749852993,555000000,980000000,0.115253439962,0.42,0.41,1904470952,1945813411,https://www.sec.gov/Archives/edgar/data/895421/000119312513317186/0001193125-13-317186-index.htm,https://www.sec.gov/Archives/edgar/data/895421/000119312513317186/d542053d10q.htm
2013-03-31,MS,2013-05-07,2013-05-07 16:16:08,Q1,8158000000,0.0,8158000000,1.0,448000000,4216000000,134000000,0.0,4664000000,4664000000,1213000000,360000000,1942000000,0.238048541309,1582000000,0.193920078451,0.0,1582000000,0.193920078451,332000000,962000000,0.117921059083,0.49,0.48,1901204729,1940264085,https://www.sec.gov/Archives/edgar/data/895421/000119312513204446/0001193125-13-204446-index.htm,https://www.sec.gov/Archives/edgar/data/895421/000119312513204446/d521750d10q.htm
2012-12-31,MS,2013-02-26,2013-02-26 17:13:37,FY,6935000000,0.0,6935000000,1.0,474000000,3629000000,0.0,0.0,4103000000,4103000000,1303000000,363000000,1215000000,0.175198269647,852000000,0.122855082913,0.0,852000000,0.122855082913,5000000.0,594000000,0.0856524873828,0.3,0.3,1885774276,1918811270,https://www.sec.gov/Archives/edgar/data/895421/000119312513077191/0001193125-13-077191-index.htm,https://www.sec.gov/Archives/edgar/data/895421/000119312513077191/d484822d10k.htm
2012-09-30,MS,2012-11-06,2012-11-06 17:15:22,Q3,5289000000,0.0,5289000000,1.0,493000000,3929000000,138000000,0.0,4422000000,4422000000,1536000000,425000000,-531000000,-0.09750275431509364,-956000000,-0.17554168196841718,0.0,-1480000000,-0.271759089239809,-524000000,-956000000,-0.17554168196841718,-0.56,-0.55,1883813883,1883813883,https://www.sec.gov/Archives/edgar/data/895421/000119312512454838/0001193125-12-454838-index.htm,https://www.sec.gov/Archives/edgar/data/895421/000119312512454838/d432415d10q.htm
2012-06-30,MS,2012-08-06,2012-08-06 16:10:26,Q2,6953000000,0.0,6953000000,1.0,487000000,3633000000,156000000,0.0,4120000000,4120000000,1484000000,418000000,1358000000,0.195311376384,940000000,0.13519344168,0.0,940000000,0.13519344168,226000000,591000000,0.0849992808859,0.3,0.29,1881070509,1907107639,https://www.sec.gov/Archives/edgar/data/895421/000119312512337734/0001193125-12-337734-index.htm,https://www.sec.gov/Archives/edgar/data/895421/000119312512337734/d387870d10q.htm
2012-03-31,MS,2012-05-07,2012-05-07 16:10:20,Q1,6935000000,0.0,6935000000,1.0,459000000,4431000000,146000000,0.0,4890000000,4890000000,1601000000,375000000,578000000,0.0833453496756,203000000,0.0292718096611,0.0,203000000,0.0292718096611,54000000,134000000,0.01915927938232771,-0.06,-0.06,1876961836,1876961836,https://www.sec.gov/Archives/edgar/data/895421/000119312512215012/0001193125-12-215012-index.htm,https://www.sec.gov/Archives/edgar/data/895421/000119312512215012/d343889d10q.htm
2011-12-31,MS,2012-02-27,2012-02-27 16:49:37,FY,5594000000,0.0,5594000000,1.0,462000000,3710000000,0.0,0.0,4172000000,4172000000,1416000000,217000000,6152000000,0.732032365540219,5935000000,0.7062113279390766,0.0,5935000000,0.7062113279390766,1825000000,4110000000,0.4890528319847692,-0.22,-0.22,1654708640,1675271669,https://www.sec.gov/Archives/edgar/data/895421/000119312512081807/0001193125-12-081807-index.htm,https://www.sec.gov/Archives/edgar/data/895421/000119312512081807/d262950d10k.htm
2011-09-30,MS,2011-11-07,2011-11-07 16:36:53,Q3,9892000000,0.0,9892000000,1.0,460000000,3685000000,145000000,0.0,4145000000,4145000000,1609000000,428000000,4106000000,0.415082895269,3678000000,0.371815608573,0.0,3678000000,0.371815608573,1410000000,2199000000,0.222300849171,1.34,1.32,1589519478,1607962757,https://www.sec.gov/Archives/edgar/data/895421/000119312511299890/0001193125-11-299890-index.htm,https://www.sec.gov/Archives/edgar/data/895421/000119312511299890/d231401d10q.htm
2011-06-30,MS,2011-08-08,2011-08-08 08:08:32,Q2,9282000000,0.0,9282000000,1.0,448000000,4675000000,154000000,0.0,5123000000,5123000000,2029000000,380000000,2324000000,0.250377073906,1944000000,0.209437621202,0.0,1944000000,0.209437621202,542000000,1193000000,0.128528334411,-0.38,-0.37,1460155981,1477572132,https://www.sec.gov/Archives/edgar/data/895421/000119312511213320/0001193125-11-213320-index.htm,https://www.sec.gov/Archives/edgar/data/895421/000119312511213320/d10q.htm
2011-03-31,MS,2011-05-09,2011-05-09 16:16:30,Q1,7635000000,0.0,7635000000,1.0,445000000,4333000000,147000000,0.0,4778000000,4778000000,1853000000,379000000,1251000000,0.163850687623,872000000,0.114210870989,0.0,872000000,0.114210870989,-256000000,968000000,0.126784544859,0.51,0.5,1456015979,1472307592,https://www.sec.gov/Archives/edgar/data/895421/000119312511132343/0001193125-11-132343-index.htm,https://www.sec.gov/Archives/edgar/data/895421/000119312511132343/d10q.htm
2010-12-31,MS,2011-02-28,2011-02-28 16:44:00,FY,7817000000,0.0,7817000000,1.0,442000000,4061000000,0.0,0.0,4503000000,4503000000,1692000000,-418000000,772000000,0.0987591147499,1190000000,0.152232314187,0.0,1190000000,0.152232314187,89000000,836000000,0.106946398874,0.42,0.48,1361670938,1411268971,https://www.sec.gov/Archives/edgar/data/895421/000119312511050049/0001193125-11-050049-index.htm,https://www.sec.gov/Archives/edgar/data/895421/000119312511050049/d10k.htm
2010-09-30,MS,2010-11-08,2010-11-08 16:24:40,Q3,6777000000,0.0,6777000000,1.0,412000000,3682000000,134000000,0.0,4094000000,4094000000,1752000000,646000000,1464000000,0.21602478973,818000000,0.120702375682,0.0,818000000,0.120702375682,-3000000.0,131000000,0.0193300870592,-0.05,0.07,1336508289,1709544142,https://www.sec.gov/Archives/edgar/data/895421/000119312510252125/0001193125-10-252125-index.htm,https://www.sec.gov/Archives/edgar/data/895421/000119312510252125/d10q.htm
2010-06-30,MS,2010-08-09,2010-08-06 20:53:16,Q2,7950000000,0.0,7950000000,1.0,416000000,3887000000,153000000,0.0,4303000000,4303000000,1603000000,1037000000,2715000000,0.341509433962,1678000000,0.21106918239,0.0,1678000000,0.21106918239,217000000,1960000000,0.246540880503,1.2,1.09,1316147257,1687528753,https://www.sec.gov/Archives/edgar/data/895421/000119312510181853/0001193125-10-181853-index.htm,https://www.sec.gov/Archives/edgar/data/895421/000119312510181853/d10q.htm
2010-03-31,MS,2010-05-07,2010-05-07 16:33:26,Q1,9078000000,0.0,9078000000,1.0,395000000,4418000000,134000000,0.0,4813000000,4813000000,1367000000,154000000,2670000000,0.294117647059,2516000000,0.277153558052,0.0,2516000000,0.277153558052,436000000,1776000000,0.195637805684,1.07,0.99,1314608020,1626207327,https://www.sec.gov/Archives/edgar/data/895421/000119312510112958/0001193125-10-112958-index.htm,https://www.sec.gov/Archives/edgar/data/895421/000119312510112958/d10q.htm
2009-12-31,MS,2010-02-26,2010-02-26 15:34:34,FY,5583000000,0.0,5583000000,1.0,0.0,0.0,-370000000,0.0,-370000000,-370000000,-1053000000,395000000,1241000000,0.22228192727924057,846000000,0.15153143471252015,0.0,1169000000,0.2093856349632814,279000000,770000000,0.13791868171234103,0.0,0.0,-451063829,-451063829,https://www.sec.gov/Archives/edgar/data/895421/000119312510042763/0001193125-10-042763-index.htm,https://www.sec.gov/Archives/edgar/data/895421/000119312510042763/d10k.htm
2009-09-30,MS,2009-11-09,2009-11-06 20:48:02,Q3,8094000000,0.0,8094000000,1.0,0.0,0.0,126000000,0.0,126000000,126000000,-1408000000,466000000,1259000000,0.1555473190017297,793000000,0.0979738077588337,0.0,1215000000,0.15011119347664936,422000000,793000000,0.0979738077588337,-1.41,-1.41,-451063829,-451063829,https://www.sec.gov/Archives/edgar/data/895421/000119312509227984/0001193125-09-227984-index.htm,https://www.sec.gov/Archives/edgar/data/895421/000119312509227984/d10q.htm
2009-06-30,MS,2009-08-07,2009-08-07 17:20:02,Q2,5798000000,0.0,5798000000,1.0,0.0,0.0,126000000,0.0,126000000,126000000,-1876000000,208000000,603000000,0.10400137978613315,395000000,0.06812694032424974,0.0,-642000000,-0.1107278371852363,-342000000,33000000,0.005691617799241117,-2.0,-2.0,78500000,78500000,https://www.sec.gov/Archives/edgar/data/895421/000119312509169269/0001193125-09-169269-index.htm,https://www.sec.gov/Archives/edgar/data/895421/000119312509169269/d10q.htm
2009-03-31,MS,2009-05-07,2009-05-07 11:39:57,Q1,2893000000,0.0,2893000000,1.0,0.0,0.0,118000000,0.0,118000000,118000000,-2375000000,155000000,-730000000,-0.2523332181126858,-885000000,-0.30591081921880403,0.0,-885000000,-0.30591081921880403,-695000000,-190000000,-0.06567576909782233,-0.57,-0.57,333333333,333333333,https://www.sec.gov/Archives/edgar/data/895421/000119312509102880/0001193125-09-102880-index.htm,https://www.sec.gov/Archives/edgar/data/895421/000119312509102880/d10q.htm
2008-11-30,MS,2009-01-29,2009-01-28 21:54:54,FY,21537000000,0.0,21537000000,1.0,0.0,0.0,0.0,0.0,0.0,0.0,-37523000000,485000000,385000000,0.017876213028741237,-100000000,-0.004643172215257464,0.0,2287000000,0.1061893485629382,480000000,1707000000,0.07925894971444492,0.0,0.0,1044908616,1044908616,https://www.sec.gov/Archives/edgar/data/895421/000119312509013429/0001193125-09-013429-index.htm,https://www.sec.gov/Archives/edgar/data/895421/000119312509013429/d10k.htm
2008-08-31,MS,2008-10-09,2008-10-09 15:46:07,Q3,16699000000,0.0,16699000000,1.0,0.0,0.0,168000000,0.0,168000000,168000000,-8650000000,100000000,1525000000,0.09132283370261693,1425000000,0.08533445116474041,0.0,1948000000,0.1166536918378346,531000000,1425000000,0.08533445116474041,3.83,3.83,1044908616,1044908616,https://www.sec.gov/Archives/edgar/data/895421/000119312508208512/0001193125-08-208512-index.htm,https://www.sec.gov/Archives/edgar/data/895421/000119312508208512/d10q.htm
2008-05-31,MS,2008-07-09,2008-07-09 17:13:15,Q2,16523000000,0.0,16523000000,1.0,0.0,0.0,207000000,0.0,207000000,207000000,-10013000000,83000000,1109000000,0.0671185620044786,1026000000,0.062095261151122676,0.0,1446000000,0.08751437390304424,439000000,1026000000,0.062095261151122676,2.47,2.47,1043319838,1043319838,https://www.sec.gov/Archives/edgar/data/895421/000119312508148768/0001193125-08-148768-index.htm,https://www.sec.gov/Archives/edgar/data/895421/000119312508148768/d10q.htm
2008-02-29,MS,2008-04-09,2008-04-08 19:02:05,Q1,21184000000,0.0,21184000000,1.0,0.0,0.0,183000000,0.0,183000000,183000000,-12862000000,126000000,1677000000,0.07916351963746224,1551000000,0.07321563444108761,0.0,2214000000,0.10451283987915408,665000000,1551000000,0.07321563444108761,1.5,1.5,1034000000,1034000000,https://www.sec.gov/Archives/edgar/data/895421/000119312508077429/0001193125-08-077429-index.htm,https://www.sec.gov/Archives/edgar/data/895421/000119312508077429/d10q.htm
2007-11-30,MS,2008-01-29,2008-01-28 20:55:31,FY,14711000000,0.0,14711000000,1.0,0.0,0.0,-542000000,0.0,-542000000,-542000000,-15161000000,-3000000.0,-2713000000,-0.18441982190197811,-2710000000,-0.1842158928692815,0.0,-5804000000,-0.3945347019237305,-2198000000,-3588000000,-0.2438991231051594,0.0,0.0,1117927631,1117927631,https://www.sec.gov/Archives/edgar/data/895421/000119312508013719/0001193125-08-013719-index.htm,https://www.sec.gov/Archives/edgar/data/895421/000119312508013719/d10k.htm
2007-08-31,MS,2007-10-10,2007-10-10 14:30:42,Q3,18222000000,0.0,18222000000,1.0,0.0,0.0,-92000000,0.0,-92000000,-92000000,-12649000000,224000000,1234000000,0.06772033805290309,1010000000,0.055427505213478216,0.0,1524000000,0.08363516628251565,497000000,1543000000,0.08467786192514543,6.08,6.08,1117927631,1117927631,https://www.sec.gov/Archives/edgar/data/895421/000119312507216111/0001193125-07-216111-index.htm,https://www.sec.gov/Archives/edgar/data/895421/000119312507216111/d10q.htm
2007-05-31,MS,2007-07-10,2007-07-10 14:11:57,Q2,27717000000,0.0,27717000000,1.0,0.0,0.0,340000000,0.0,340000000,340000000,-16007000000,50000000,2632000000,0.09495977198109463,2582000000,0.09315582494497962,0.0,3857000000,0.1391564743659126,1271000000,2582000000,0.09315582494497962,5.09,5.09,1032220039,1032220039,https://www.sec.gov/Archives/edgar/data/895421/000119312507152495/0001193125-07-152495-index.htm,https://www.sec.gov/Archives/edgar/data/895421/000119312507152495/d10q.htm
2007-02-28,MS,2007-04-06,2007-04-05 18:48:28,Q1,24678000000,0.0,24678000000,1.0,0.0,0.0,294000000,0.0,294000000,294000000,-13485000000,204000000,2763000000,0.11196207148067104,2559000000,0.10369559931923171,0.0,3864000000,0.15657670799902748,1261000000,2672000000,0.10827457654591134,2.52,2.52,1060317460,1060317460,https://www.sec.gov/Archives/edgar/data/895421/000119312507075695/0001193125-07-075695-index.htm,https://www.sec.gov/Archives/edgar/data/895421/000119312507075695/d10q.htm
2006-11-30,MS,2007-02-13,2007-02-12 20:30:30,FY,19473000000,0.0,19473000000,1.0,0.0,0.0,-828000000,0.0,-828000000,-828000000,-10609000000,338000000,338000000,0.017357366610178195,0.0,0.0,0.0,2869000000,0.147332203563909,609000000,2206000000,0.113285061367021,7.453,7.453,1002549000,1002549000,https://www.sec.gov/Archives/edgar/data/895421/000119312507027693/0001193125-07-027693-index.htm,https://www.sec.gov/Archives/edgar/data/895421/000119312507027693/d10k.htm
2006-08-31,MS,2006-10-06,2006-10-06 16:33:46,Q3,19897000000,0.0,19897000000,1.0,0.0,0.0,292000000,0.0,292000000,292000000,-11859000000,173000000,173000000,0.00869477810725235,0.0,0.0,0.0,2508000000,0.12604915313866413,758000000,1748000000,0.08785244006634166,5.21,5.21,1010748560,1010748560,https://www.sec.gov/Archives/edgar/data/895421/000119312506204513/0001193125-06-204513-index.htm,https://www.sec.gov/Archives/edgar/data/895421/000119312506204513/d10q.htm
2006-05-31,MS,2006-07-07,2006-07-07 15:30:50,Q2,19062000000,0.0,19062000000,1.0,0.0,0.0,298000000,0.0,298000000,298000000,-9988000000,186000000,199000000,0.010439618088343301,13000000,0.0006819851012485574,0.0,3176000000,0.16661420627426293,1124000000,1957000000,0.10266498793410975,3.48,3.48,1010919540,1010919540,https://www.sec.gov/Archives/edgar/data/895421/000119312506143244/0001193125-06-143244-index.htm,https://www.sec.gov/Archives/edgar/data/895421/000119312506143244/d10q.htm
2006-02-28,MS,2006-04-07,2006-04-07 16:55:37,Q1,18119000000,0.0,18119000000,1.0,0.0,0.0,238000000,0.0,238000000,238000000,-9481000000,179000000,124000000,0.006843644792758982,-55000000,-0.0030354876096914843,0.0,2447000000,0.13505160328936475,784000000,1561000000,0.08615265743142557,1.56,1.56,1000641025,1000641025,https://www.sec.gov/Archives/edgar/data/895421/000119312506075932/0001193125-06-075932-index.htm,https://www.sec.gov/Archives/edgar/data/895421/000119312506075932/d10q.htm
2005-11-30,MS,2006-02-13,2006-02-13 15:30:36,FY,15525000000,0.0,15525000000,1.0,0.0,0.0,-831000000,0.0,-831000000,-831000000,-8253000000,151000000,1363000000,0.0877938808373591,1212000000,0.07806763285024154,0.0,2130000000,0.13719806763285025,318000000,2465000000,0.15877616747181963,4.939,4.939,1000000000,1000000000,https://www.sec.gov/Archives/edgar/data/895421/000119312506028736/0001193125-06-028736-index.htm,https://www.sec.gov/Archives/edgar/data/895421/000119312506028736/d10k.htm
2005-08-31,MS,2005-10-07,2005-10-07 16:27:25,Q3,13070000000,0.0,13070000000,1.0,0.0,0.0,273000000,0.0,273000000,273000000,-5915000000,186000000,-1525000000,-0.11667941851568478,-1711000000,-0.1309104820198929,0.0,1752000000,0.13404743687834736,474000000,144000000,0.011017597551644989,3.26,3.26,758895705,758895705,https://www.sec.gov/Archives/edgar/data/895421/000119312505198490/0001193125-05-198490-index.htm,https://www.sec.gov/Archives/edgar/data/895421/000119312505198490/d10q.htm
2005-05-31,MS,2005-07-08,2005-07-08 16:27:06,Q2,11845000000,0.0,11845000000,1.0,0.0,0.0,299000000,0.0,299000000,299000000,-5597000000,247000000,247000000,0.02085268045588856,0.0,0.0,0.0,1390000000,0.11734909244406923,395000000,928000000,0.0783452933727311,2.14,2.14,1088785046,1088785046,https://www.sec.gov/Archives/edgar/data/895421/000119312505139664/0001193125-05-139664-index.htm,https://www.sec.gov/Archives/edgar/data/895421/000119312505139664/d10q.htm
2005-02-28,MS,2005-04-06,2005-04-06 14:57:48,Q1,11641000000,0.0,11641000000,1.0,0.0,0.0,259000000,0.0,259000000,259000000,-4660000000,231000000,244000000,0.020960398591186324,13000000,0.0011167425478910747,0.0,2089000000,0.17945193711880422,671000000,1402000000,0.12043638862640667,1.25,1.25,1121600000,1121600000,https://www.sec.gov/Archives/edgar/data/895421/000119312505071136/0001193125-05-071136-index.htm,https://www.sec.gov/Archives/edgar/data/895421/000119312505071136/d10q.htm
2004-11-30,MS,2005-02-11,2005-02-10 20:23:30,FY,10420000000,0.0,10420000000,1.0,0.0,0.0,-796000000,0.0,-796000000,-796000000,-4748000000,342000000,-3006000000,-0.28848368522072937,-3348000000,-0.3213051823416507,0.0,1687000000,0.16190019193857966,411000000,1200000000,0.11516314779270634,4.486,4.486,1000000000,1000000000,https://www.sec.gov/Archives/edgar/data/895421/000119312505025463/0001193125-05-025463-index.htm,https://www.sec.gov/Archives/edgar/data/895421/000119312505025463/d10k.htm
2004-08-31,MS,2004-10-15,2004-10-15 11:51:49,Q3,9850000000,0.0,9850000000,1.0,0.0,0.0,279000000,0.0,279000000,279000000,-4186000000,161000000,-247000000,-0.025076142131979694,-408000000,-0.04142131979695431,0.0,1280000000,0.1299492385786802,342000000,837000000,0.0849746192893401,3.06,3.06,1073856209,1073856209,https://www.sec.gov/Archives/edgar/data/895421/000119312504172111/0001193125-04-172111-index.htm,https://www.sec.gov/Archives/edgar/data/895421/000119312504172111/d10q.htm
2004-05-31,MS,2004-07-13,2004-07-13 16:08:42,Q2,9287000000,0.0,9287000000,1.0,0.0,0.0,263000000,0.0,263000000,263000000,-2436000000,131000000,1933000000,0.2081404113276623,1802000000,0.19403467212232153,0.0,1802000000,0.19403467212232153,498000000,1223000000,0.13168945838268548,2.27,2.21,1078854625,1108144796,https://www.sec.gov/Archives/edgar/data/895421/000119312504117446/0001193125-04-117446-index.htm,https://www.sec.gov/Archives/edgar/data/895421/000119312504117446/d10q.htm
2004-02-29,MS,2004-04-08,2004-04-08 12:10:59,Q1,9992000000,0.0,9992000000,1.0,0.0,0.0,254000000,0.0,254000000,254000000,-3489000000,171000000,2087000000,0.20886709367493994,1916000000,0.19175340272217775,0.0,1916000000,0.19175340272217775,552000000,1226000000,0.12269815852682146,1.14,1.11,1075438596,1104504504,https://www.sec.gov/Archives/edgar/data/895421/000119312504059093/0001193125-04-059093-index.htm,https://www.sec.gov/Archives/edgar/data/895421/000119312504059093/d10q.htm
2003-11-30,MS,2004-02-25,2004-02-25 09:40:46,FY,9092000000,0.0,9092000000,1.0,0.0,0.0,-711000000,0.0,-711000000,-711000000,-3693000000,637000000,2186000000,0.24043114826220854,1549000000,0.1703695556533216,0.0,1549000000,0.1703695556533216,211000000,1014000000,0.11152661680598328,3.787,3.787,1000000000,1000000000,https://www.sec.gov/Archives/edgar/data/895421/000119312504029127/0001193125-04-029127-index.htm,https://www.sec.gov/Archives/edgar/data/895421/000119312504029127/d10k.htm
2003-08-31,MS,2003-10-14,2003-10-14 15:29:59,Q3,8921000000,0.0,8921000000,1.0,0.0,0.0,185000000,0.0,185000000,185000000,-3368000000,0.0,1877000000,0.21040242125322273,1877000000,0.21040242125322273,0.0,1877000000,0.21040242125322273,561000000,1269000000,0.14224862683555656,2.57,2.52,1078988326,1100396825,https://www.sec.gov/Archives/edgar/data/895421/000119312503061188/0001193125-03-061188-index.htm,https://www.sec.gov/Archives/edgar/data/895421/000119312503061188/d10q.htm
2003-05-31,MS,2003-07-11,2003-07-11 12:56:05,Q2,8418000000,0.0,8418000000,1.0,0.0,0.0,257000000,0.0,257000000,257000000,-3060000000,0.0,915000000,0.10869565217391304,915000000,0.10869565217391304,0.0,915000000,0.10869565217391304,276000000,599000000,0.07115704442860538,1.4,1.37,1074285714,1097810218,https://www.sec.gov/Archives/edgar/data/895421/000119312503018623/0001193125-03-018623-index.htm,https://www.sec.gov/Archives/edgar/data/895421/000119312503018623/d10q.htm
2003-02-28,MS,2003-04-11,2003-04-11 16:07:37,Q1,8502000000,0.0,8502000000,1.0,0.0,0.0,269000000,0.0,269000000,269000000,-2688000000,0.0,1426000000,0.16772524111973652,1426000000,0.16772524111973652,0.0,1426000000,0.16772524111973652,499000000,905000000,0.10644554222535874,0.84,0.82,1077380952,1103658536,https://www.sec.gov/Archives/edgar/data/895421/000095013003003186/0000950130-03-003186-index.htm,https://www.sec.gov/Archives/edgar/data/895421/000095013003003186/d10q.htm
2002-11-30,MS,2003-02-19,2003-02-19 14:25:54,FY,32415000000,0.0,32415000000,1.0,0.0,0.0,0.0,0.0,0.0,0.0,-11970000000,60000000,4780000000,0.1474625944778652,4720000000,0.14561159956810119,0.0,4720000000,0.14561159956810119,1645000000,2988000000,0.0921795465062471,2.988,2.988,1000000000,1000000000,https://www.sec.gov/Archives/edgar/data/895421/000095013003001275/0000950130-03-001275-index.htm,https://www.sec.gov/Archives/edgar/data/895421/000095013003001275/d10k.htm
