date,symbol,fillingDate,acceptedDate,period,revenue,costOfRevenue,grossProfit,grossProfitRatio,researchAndDevelopmentExpenses,generalAndAdministrativeExpenses,sellingAndMarketingExpenses,otherExpenses,operatingExpenses,costAndExpenses,interestExpense,depreciationAndAmortization,ebitda,ebitdaratio,operatingIncome,operatingIncomeRatio,totalOtherIncomeExpensesNet,incomeBeforeTax,incomeBeforeTaxRatio,incomeTaxExpense,netIncome,netIncomeRatio,eps,epsdiluted,weightedAverageShsOut,weightedAverageShsOutDil,link,finalLink
2020-03-31,NEE,2020-04-23,2020-04-23 16:01:38,Q1,4613000000,821000000,3792000000,0.8220247127682636,0.0,0.0,0.0,2632000000,2632000000,3453000000,1311000000,848000000,2829000000,0.6132668545415131,1981000000,0.4294385432473445,406000000,73000000,0.01582484283546499,-235000000,308000000,0.06676783004552352,0.86,0.86,358139534,358139534,https://www.sec.gov/Archives/edgar/data/753308/000075330820000113/0000753308-20-000113-index.htm,https://www.sec.gov/Archives/edgar/data/753308/000075330820000113/nee10q1q2020.htm
2019-12-31,NEE,2020-02-14,2020-02-14 15:24:19,FY,4588000000,1055000000,3533000000,0.770052310374891,0.0,0.0,0.0,3711000000,3711000000,4766000000,188000000,969000000,1846000000,0.4023539668700959,877000000,0.19115082824760243,310000000,1036000000,0.22580645161290322,448000000,844000000,0.1839581517000872,7.82,7.82,433248081,433248081,https://www.sec.gov/Archives/edgar/data/753308/000075330820000021/0000753308-20-000021-index.htm,https://www.sec.gov/Archives/edgar/data/753308/000075330820000021/nee-12312019x10k.htm
2019-09-30,NEE,2019-10-23,2019-10-23 15:02:01,Q3,5572000000,1267000000,4305000000,0.7726130653266332,0.0,0.0,0.0,3978000000,3978000000,3978000000,-6000000.0,1313000000,2907000000,0.521715721464,1594000000,0.286073223259,575000000,857000000,0.153804737976,58000000,880000000,0.157932519742,1.82,1.81,479700000,483500000,https://www.sec.gov/Archives/edgar/data/753308/000075330819000207/0000753308-19-000207-index.htm,https://www.sec.gov/Archives/edgar/data/753308/000075330819000207/nee10q3q2019.htm
2019-06-30,NEE,2019-07-24,2019-07-24 17:11:43,Q2,4969000000,1074000000,3895000000,0.7838599315757697,0.0,0.0,0.0,3222000000,3222000000,3222000000,-6000000.0,1262000000,3009000000,0.605554437513,1747000000,0.351579794727,416000000,1263000000,0.254175890521,124000000,1234000000,0.248339706178,2.58,2.56,478600000,482300000,https://www.sec.gov/Archives/edgar/data/753308/000075330819000165/0000753308-19-000165-index.htm,https://www.sec.gov/Archives/edgar/data/753308/000075330819000165/nee10q2q2019.htm
2019-03-31,NEE,2019-04-23,2019-04-23 17:18:57,Q1,4075000000,967000000,3108000000,0.7626993865030675,0.0,0.0,0.0,2940000000,2940000000,2940000000,-12000000,862000000,1997000000,0.490061349693,1135000000,0.278527607362,396000000,680000000,0.166871165644,74000000,680000000,0.166871165644,1.42,1.41,478300000,481800000,https://www.sec.gov/Archives/edgar/data/753308/000075330819000118/0000753308-19-000118-index.htm,https://www.sec.gov/Archives/edgar/data/753308/000075330819000118/nee10q1q2019.htm
2018-12-31,NEE,2019-02-15,2019-02-15 17:22:00,FY,4376000000,936000000,3440000000,0.7861060329067642,0.0,0.0,0.0,3275000000,3275000000,3275000000,-5000000.0,1152000000,2253000000,0.514853747715,1101000000,0.251599634369,360000000,272000000,0.0621572212066,1576000000,409000000,0.0934643510055,0.82,0.85,473200000,477000000,https://www.sec.gov/Archives/edgar/data/753308/000075330819000039/0000753308-19-000039-index.htm,https://www.sec.gov/Archives/edgar/data/753308/000075330819000039/nee-12312018x10k.htm
2018-09-30,NEE,2018-10-23,2018-10-23 16:23:56,Q3,4419000000,1083000000,3336000000,0.7549219280380176,0.0,0.0,0.0,3449000000,3449000000,3449000000,-8000000.0,1180000000,2150000000,0.486535415252,970000000,0.219506675718,99000000,1069000000,0.241909934374,126000000,1006000000,0.22765331523,2.12,2.08,471700000,475600000,https://www.sec.gov/Archives/edgar/data/753308/000075330818000159/0000753308-18-000159-index.htm,https://www.sec.gov/Archives/edgar/data/753308/000075330818000159/nee10q3q2018singlesource.htm
2018-06-30,NEE,2018-07-25,2018-07-25 16:10:31,Q2,4069000000,894000000,3175000000,0.7802899975423937,0.0,0.0,0.0,2907000000,2907000000,2907000000,-8000000.0,891000000,2053000000,0.504546571639,1162000000,0.285573851069,371000000,931000000,0.228803145736,230000000,795000000,0.195379700172,1.68,1.63,470900000,474700000,https://www.sec.gov/Archives/edgar/data/753308/000075330818000114/0000753308-18-000114-index.htm,https://www.sec.gov/Archives/edgar/data/753308/000075330818000114/nee10q2q2018singlesource.htm
2018-03-31,NEE,2018-04-24,2018-04-24 16:49:33,Q1,3863000000,819000000,3044000000,0.7879886098886876,0.0,0.0,0.0,2816000000,2816000000,2816000000,-9000000.0,924000000,1971000000,0.510225213565,1047000000,0.271032876003,4033000000,5080000000,1.31504012426,1249000000,4428000000,1.1462593839,9.41,9.32,470700000,474300000,https://www.sec.gov/Archives/edgar/data/753308/000075330818000081/0000753308-18-000081-index.htm,https://www.sec.gov/Archives/edgar/data/753308/000075330818000081/nee10q1q2018.htm
2017-12-31,NEE,2018-02-16,2018-02-16 15:44:58,FY,4010000000,978000000,3032000000,0.7561097256857855,0.0,0.0,0.0,3774000000,3774000000,3774000000,-12000000,-157000000,79000000,0.0197007481297,236000000,0.0588528678304,340000000,86000000,0.0214463840399,-653000000,2155000000,0.537406483791,4.59,4.55,468800000,472500000,https://www.sec.gov/Archives/edgar/data/753308/000075330818000013/0000753308-18-000013-index.htm,https://www.sec.gov/Archives/edgar/data/753308/000075330818000013/nee-12312017x10k.htm
2017-09-30,NEE,2017-10-26,2017-10-26 16:43:16,Q3,4808000000,1176000000,3632000000,0.7554076539101497,0.0,0.0,0.0,3408000000,3408000000,3408000000,-13000000,1138000000,2538000000,0.527870216306,1400000000,0.291181364393,395000000,1222000000,0.254159733777,365000000,847000000,0.176164725458,1.8,1.78,468300000,472000000,https://www.sec.gov/Archives/edgar/data/753308/000075330817000142/0000753308-17-000142-index.htm,https://www.sec.gov/Archives/edgar/data/753308/000075330817000142/neeq310q2017.htm
2017-06-30,NEE,2017-07-26,2017-07-26 17:25:32,Q2,4405000000,1018000000,3387000000,0.7688989784335982,0.0,0.0,0.0,3120000000,3120000000,3120000000,-13000000,957000000,2242000000,0.50896708286,1285000000,0.291713961407,381000000,1093000000,0.248127128263,289000000,793000000,0.180022701476,1.69,1.68,467700000,471000000,https://www.sec.gov/Archives/edgar/data/753308/000075330817000109/0000753308-17-000109-index.htm,https://www.sec.gov/Archives/edgar/data/753308/000075330817000109/nee10q2q2017.htm
2017-03-31,NEE,2017-04-21,2017-04-21 15:53:41,Q1,3972000000,899000000,3073000000,0.7736656596173213,0.0,0.0,0.0,1567000000,1567000000,1567000000,-10000000,691000000,3096000000,0.779456193353,2405000000,0.605488418933,339000000,2266000000,0.570493454179,675000000,1583000000,0.398539778449,3.39,3.37,467500000,470200000,https://www.sec.gov/Archives/edgar/data/753308/000075330817000081/0000753308-17-000081-index.htm,https://www.sec.gov/Archives/edgar/data/753308/000075330817000081/nee10q1q2017.htm
2016-12-31,NEE,2017-02-23,2017-02-23 15:57:53,FY,3698000000,937000000,2761000000,0.7466197944835046,0.0,0.0,0.0,2772000000,2772000000,2772000000,-19000000,840000000,1766000000,0.47755543537,926000000,0.250405624662,595000000,1521000000,0.411303407247,504000000,966000000,0.261222282315,2.04,2.06,463100000,465800000,https://www.sec.gov/Archives/edgar/data/753308/000075330817000060/0000753308-17-000060-index.htm,https://www.sec.gov/Archives/edgar/data/753308/000075330817000060/nee-12312016x10k.htm
2016-09-30,NEE,2016-11-01,2016-11-01 09:06:55,Q3,4806000000,1217000000,3589000000,0.7467748647523929,0.0,0.0,0.0,3527000000,3527000000,3527000000,-18000000,1070000000,2349000000,0.488764044944,1279000000,0.266125676238,372000000,1208000000,0.251352476072,418000000,753000000,0.156679151061,1.62,1.62,461700000,464700000,https://www.sec.gov/Archives/edgar/data/753308/000075330816000444/0000753308-16-000444-index.htm,https://www.sec.gov/Archives/edgar/data/753308/000075330816000444/nee10q3q2016.htm
2016-06-30,NEE,2016-07-28,2016-07-28 16:19:58,Q2,3816000000,960000000,2856000000,0.7484276729559748,0.0,0.0,0.0,2647000000,2647000000,2647000000,-53000000,816000000,1985000000,0.520178197065,1169000000,0.306341719078,100000000,763000000,0.199947589099,202000000,557000000,0.145964360587,1.21,1.2,460900000,464000000,https://www.sec.gov/Archives/edgar/data/753308/000075330816000402/0000753308-16-000402-index.htm,https://www.sec.gov/Archives/edgar/data/753308/000075330816000402/nee10q2q2016.htm
2016-03-31,NEE,2016-04-29,2016-04-29 13:02:47,Q1,3835000000,928000000,2907000000,0.7580182529335072,0.0,0.0,0.0,2601000000,2601000000,2601000000,0.0,651000000,1885000000,0.491525423729,1234000000,0.321773142112,333000000,896000000,0.233637548892,259000000,636000000,0.165840938722,1.38,1.37,460500000,462900000,https://www.sec.gov/Archives/edgar/data/753308/000075330816000372/0000753308-16-000372-index.htm,https://www.sec.gov/Archives/edgar/data/753308/000075330816000372/nee10q1q2016.htm
2015-12-31,NEE,2016-02-22,2016-02-19 17:37:18,FY,4069000000,1176000000,2893000000,0.7109855001228803,0.0,0.0,0.0,3194000000,3194000000,3194000000,0.0,841000000,1716000000,0.421725239617,875000000,0.215040550504,345000000,757000000,0.186040796264,247000000,507000000,0.124600638978,1.09,1.09,450500000,454000000,https://www.sec.gov/Archives/edgar/data/753308/000075330816000337/0000753308-16-000337-index.htm,https://www.sec.gov/Archives/edgar/data/753308/000075330816000337/nee-12312015x10k.htm
2015-09-30,NEE,2015-10-30,2015-10-30 13:36:48,Q3,4954000000,1472000000,3482000000,0.7028663706096084,0.0,0.0,0.0,3473000000,3473000000,3473000000,0.0,900000000,2381000000,0.480621719822,1481000000,0.298950343157,377000000,1302000000,0.262817924909,421000000,879000000,0.177432377876,1.94,1.93,447300000,451300000,https://www.sec.gov/Archives/edgar/data/753308/000075330815000249/0000753308-15-000249-index.htm,https://www.sec.gov/Archives/edgar/data/753308/000075330815000249/nee10q3q2015.htm
2015-06-30,NEE,2015-08-03,2015-08-03 13:48:33,Q2,4359000000,1316000000,3043000000,0.6980958935535674,0.0,0.0,0.0,3212000000,3212000000,3212000000,0.0,825000000,1972000000,0.452397338839,1147000000,0.263133746272,351000000,995000000,0.228263363157,274000000,716000000,0.164257857307,1.61,1.59,443900000,449000000,https://www.sec.gov/Archives/edgar/data/753308/000075330815000206/0000753308-15-000206-index.htm,https://www.sec.gov/Archives/edgar/data/753308/000075330815000206/nee10q2q2015.htm
2015-03-31,NEE,2015-05-01,2015-05-01 14:06:01,Q1,4104000000,1363000000,2741000000,0.6678849902534113,0.0,0.0,0.0,2975000000,2975000000,2975000000,0.0,637000000,1766000000,0.430311890838,1129000000,0.275097465887,326000000,936000000,0.228070175439,286000000,650000000,0.158382066277,1.47,1.45,442300000,448800000,https://www.sec.gov/Archives/edgar/data/753308/000075330815000166/0000753308-15-000166-index.htm,https://www.sec.gov/Archives/edgar/data/753308/000075330815000166/nee10q1q2015.htm
2014-12-31,NEE,2015-02-20,2015-02-20 16:20:04,FY,4664000000,1265000000,3399000000,0.7287735849056604,0.0,0.0,0.0,3133000000,3133000000,3133000000,0.0,778000000,2309000000,0.495068610635,1531000000,0.328259005146,312000000,1337000000,0.28666380789,453000000,884000000,0.189536878216,2.03,2.0,434400000,440100000,https://www.sec.gov/Archives/edgar/data/753308/000075330815000079/0000753308-15-000079-index.htm,https://www.sec.gov/Archives/edgar/data/753308/000075330815000079/nee-12312014x10k.htm
2014-09-30,NEE,2014-11-07,2014-11-07 16:31:57,Q3,4654000000,1566000000,3088000000,0.6635152556940267,0.0,0.0,0.0,3491000000,3491000000,3491000000,0.0,872000000,2035000000,0.437258272454,1163000000,0.249892565535,370000000,943000000,0.202621400945,279000000,660000000,0.141813493769,1.52,1.5,434000000,439600000,https://www.sec.gov/Archives/edgar/data/753308/000075330814000112/0000753308-14-000112-index.htm,https://www.sec.gov/Archives/edgar/data/753308/000075330814000112/nee10q3q2014.htm
2014-06-30,NEE,2014-07-31,2014-07-31 17:10:44,Q2,4029000000,1374000000,2655000000,0.6589724497393894,0.0,0.0,0.0,3077000000,3077000000,3077000000,0.0,695000000,1647000000,0.40878629933,952000000,0.236286919831,322000000,782000000,0.194092827004,291000000,491000000,0.121866468106,1.13,1.12,433800000,439300000,https://www.sec.gov/Archives/edgar/data/753308/000075330814000075/0000753308-14-000075-index.htm,https://www.sec.gov/Archives/edgar/data/753308/000075330814000075/nee10q2q2014.htm
2014-03-31,NEE,2014-05-02,2014-05-02 09:39:10,Q1,3674000000,1397000000,2277000000,0.6197604790419161,0.0,0.0,0.0,2936000000,2936000000,2936000000,0.0,551000000,1289000000,0.350843767011,738000000,0.200870985302,320000000,583000000,0.158682634731,153000000,430000000,0.117038649973,0.99,0.98,433500000,438200000,https://www.sec.gov/Archives/edgar/data/753308/000075330814000035/0000753308-14-000035-index.htm,https://www.sec.gov/Archives/edgar/data/753308/000075330814000035/nee10q1q2014.htm
2013-12-31,NEE,2014-02-24,2014-02-24 11:06:46,FY,3630000000,1192000000,2438000000,0.6716253443526171,0.0,0.0,0.0,2990000000,2990000000,2990000000,0.0,736000000,1376000000,0.379063360882,640000000,0.176308539945,302000000,451000000,0.124242424242,124000000,327000000,0.0900826446281,0.76,0.75,424200000,427000000,https://www.sec.gov/Archives/edgar/data/753308/000075330814000025/0000753308-14-000025-index.htm,https://www.sec.gov/Archives/edgar/data/753308/000075330814000025/nee-12312013x10k.htm
2013-09-30,NEE,2013-11-01,2013-11-01 14:06:39,Q3,4394000000,1439000000,2955000000,0.6725079654073737,0.0,0.0,0.0,3208000000,3208000000,3208000000,0.0,690000000,1876000000,0.42694583523,1186000000,0.269913518434,346000000,996000000,0.226672735548,298000000,698000000,0.158852981338,1.65,1.64,422200000,424800000,https://www.sec.gov/Archives/edgar/data/753308/000075330813000091/0000753308-13-000091-index.htm,https://www.sec.gov/Archives/edgar/data/753308/000075330813000091/nee10q3q2013.htm
2013-06-30,NEE,2013-07-31,2013-07-31 16:10:26,Q2,3833000000,1262000000,2571000000,0.6707539786068354,0.0,0.0,0.0,2852000000,2852000000,2852000000,0.0,595000000,1576000000,0.411166188364,981000000,0.255935298722,327000000,822000000,0.214453430733,211000000,611000000,0.159405165667,1.44,1.44,421400000,424300000,https://www.sec.gov/Archives/edgar/data/753308/000075330813000064/0000753308-13-000064-index.htm,https://www.sec.gov/Archives/edgar/data/753308/000075330813000064/nee10q2q2013.htm
2013-03-31,NEE,2013-05-02,2013-05-02 14:53:54,Q1,3279000000,1065000000,2214000000,0.6752058554437328,0.0,0.0,0.0,2845000000,2845000000,2845000000,0.0,500000000,934000000,0.284842939921,434000000,0.132357426045,305000000,252000000,0.0768526989936,168000000,272000000,0.0829521195486,0.65,0.64,421000000,423700000,https://www.sec.gov/Archives/edgar/data/753308/000075330813000033/0000753308-13-000033-index.htm,https://www.sec.gov/Archives/edgar/data/753308/000075330813000033/nee10q1q2013.htm
2012-12-31,NEE,2013-02-28,2013-02-28 16:40:05,FY,3375000000,1178000000,2197000000,0.650962962962963,0.0,0.0,0.0,2714000000,2714000000,2714000000,0.0,457000000,1118000000,0.331259259259,661000000,0.195851851852,331000000,568000000,0.168296296296,139000000,429000000,0.127111111111,1.02,1.01,416700000,419200000,https://www.sec.gov/Archives/edgar/data/753308/000075330813000023/0000753308-13-000023-index.htm,https://www.sec.gov/Archives/edgar/data/753308/000075330813000023/nee-12312012x10k.htm
2012-09-30,NEE,2012-10-26,2012-10-25 20:49:44,Q3,3843000000,1525000000,2318000000,0.6031746031746031,0.0,0.0,0.0,3094000000,3094000000,3094000000,0.0,530000000,1279000000,0.332812906583,749000000,0.194899817851,327000000,568000000,0.147801196982,154000000,414000000,0.107728337237,0.99,0.98,415600000,418000000,https://www.sec.gov/Archives/edgar/data/753308/000075330812000118/0000753308-12-000118-index.htm,https://www.sec.gov/Archives/edgar/data/753308/000075330812000118/nee10q3q2012.htm
2012-06-30,NEE,2012-07-27,2012-07-27 17:20:09,Q2,3667000000,1236000000,2431000000,0.662939732751568,0.0,0.0,0.0,2644000000,2644000000,2644000000,0.0,402000000,1425000000,0.388601036269,1023000000,0.278974638669,277000000,849000000,0.231524406872,242000000,607000000,0.165530406327,1.46,1.46,413700000,416000000,https://www.sec.gov/Archives/edgar/data/753308/000075330812000088/0000753308-12-000088-index.htm,https://www.sec.gov/Archives/edgar/data/753308/000075330812000088/nee10q2q2012.htm
2012-03-31,NEE,2012-04-27,2012-04-27 16:36:57,Q1,3371000000,1182000000,2189000000,0.6493622070602195,0.0,0.0,0.0,2528000000,2528000000,2528000000,0.0,383000000,1226000000,0.363690299614,843000000,0.25007416197,251000000,618000000,0.183328389202,157000000,461000000,0.136754672204,1.12,1.11,412300000,414700000,https://www.sec.gov/Archives/edgar/data/753308/000075330812000048/0000753308-12-000048-index.htm,https://www.sec.gov/Archives/edgar/data/753308/000075330812000048/nee10q1q2012.htm
2011-12-31,NEE,2012-02-28,2012-02-28 15:26:15,FY,3865000000,1384000000,2481000000,0.6419146183699871,0.0,0.0,0.0,2733000000,2733000000,2733000000,0.0,398000000,1530000000,0.395860284605,1132000000,0.292884864166,228000000,923000000,0.238809831824,256000000,667000000,0.172574385511,1.61,1.59,416600000,419000000,https://www.sec.gov/Archives/edgar/data/753308/000075330812000025/0000753308-12-000025-index.htm,https://www.sec.gov/Archives/edgar/data/753308/000075330812000025/nee-12312011x10k.htm
2011-09-30,NEE,2011-11-04,2011-11-04 15:19:43,Q3,4382000000,1910000000,2472000000,0.5641259698767686,0.0,0.0,0.0,3471000000,3471000000,3471000000,0.0,575000000,1486000000,0.339114559562,911000000,0.207895937928,316000000,566000000,0.129164764948,158000000,408000000,0.0931081697855,0.97,0.97,416700000,419100000,https://www.sec.gov/Archives/edgar/data/753308/000075330811000078/0000753308-11-000078-index.htm,https://www.sec.gov/Archives/edgar/data/753308/000075330811000078/nee10q3q2011.htm
2011-06-30,NEE,2011-08-02,2011-08-02 15:30:50,Q2,3960000000,1558000000,2402000000,0.6065656565656565,0.0,0.0,0.0,3053000000,3053000000,3053000000,0.0,469000000,1376000000,0.347474747475,907000000,0.22904040404,265000000,727000000,0.183585858586,147000000,580000000,0.146464646465,1.4,1.39,416400000,418900000,https://www.sec.gov/Archives/edgar/data/753308/000075330811000057/0000753308-11-000057-index.htm,https://www.sec.gov/Archives/edgar/data/753308/000075330811000057/form10q063011.htm
2011-03-31,NEE,2011-05-04,2011-05-04 15:55:54,Q1,3134000000,1404000000,1730000000,0.5520102105934908,0.0,0.0,0.0,2706000000,2706000000,2706000000,0.0,402000000,830000000,0.264837268666,428000000,0.136566687939,278000000,236000000,0.0753031269943,-32000000,268000000,0.085513720485,0.64,0.64,415800000,418400000,https://www.sec.gov/Archives/edgar/data/753308/000075330811000034/0000753308-11-000034-index.htm,https://www.sec.gov/Archives/edgar/data/753308/000075330811000034/form10q033111.htm
2010-12-31,NEE,2011-02-28,2011-02-28 10:42:56,FY,3413000000,1447000000,1966000000,0.5760328157046587,0.0,0.0,0.0,2943000000,2943000000,2943000000,0.0,548000000,1018000000,0.298271315558,470000000,0.137708760621,265000000,263000000,0.07705830647524173,0.0,263000000,0.07705830647524173,0.63,0.63,410300000,413000000,https://www.sec.gov/Archives/edgar/data/753308/000075330811000025/0000753308-11-000025-index.htm,https://www.sec.gov/Archives/edgar/data/753308/000075330811000025/form10k123110.htm
2010-09-30,NEE,2010-11-03,2010-11-03 15:21:12,Q3,4691000000,1991000000,2700000000,0.5755702408868045,0.0,0.0,0.0,3566000000,3566000000,3566000000,0.0,604000000,1729000000,0.368578128331,1125000000,0.239820933703,333000000,1247000000,0.265828181624,241000000,46000000,0.0098060115114,1.76,1.74,409100000,411600000,https://www.sec.gov/Archives/edgar/data/753308/000075330810000116/0000753308-10-000116-index.htm,https://www.sec.gov/Archives/edgar/data/753308/000075330810000116/form10q093010.htm
2010-06-30,NEE,2010-08-06,2010-08-06 12:43:24,Q2,3591000000,1455000000,2136000000,0.5948203842940685,0.0,0.0,0.0,2882000000,2882000000,2882000000,0.0,454000000,1163000000,0.323865218602,709000000,0.197438039543,289000000,494000000,0.13756613756613756,77000000,709000000,0.197438039543,1.02,1.01,408200000,410700000,https://www.sec.gov/Archives/edgar/data/753308/000075330810000096/0000753308-10-000096-index.htm,https://www.sec.gov/Archives/edgar/data/753308/000075330810000096/form10q06302010.htm
2010-03-31,NEE,2010-05-03,2010-04-30 21:46:37,Q1,3622000000,1349000000,2273000000,0.6275538376587521,0.0,0.0,0.0,2683000000,2683000000,2683000000,0.0,486000000,1425000000,0.393429044727,939000000,0.259249033683,261000000,1153000000,0.21258972943125345,214000000,939000000,0.259249033683,1.36,1.36,407500000,410100000,https://www.sec.gov/Archives/edgar/data/753308/000075330810000051/0000753308-10-000051-index.htm,https://www.sec.gov/Archives/edgar/data/753308/000075330810000051/form10q03312010.htm
2009-12-31,NEE,2010-02-26,2010-02-26 14:59:17,FY,3655000000,1632000000,2023000000,0.5534883720930233,0.0,0.0,0.0,3098000000,3098000000,4730000000,218000000,517000000,1074000000,0.29384404924760604,557000000,0.15239398084815323,301000000,403000000,0.11025991792065663,0.0,348000000,0.09521203830369357,3.99,3.99,404000000,404000000,https://www.sec.gov/Archives/edgar/data/753308/000075330810000025/0000753308-10-000025-index.htm,https://www.sec.gov/Archives/edgar/data/753308/000075330810000025/form10k123109.htm
2009-09-30,NEE,2009-10-30,2009-10-30 16:11:20,Q3,4473000000,2164000000,2309000000,0.5162083612787838,0.0,0.0,0.0,3624000000,3624000000,5788000000,205000000,430000000,1279000000,0.285937849318131,849000000,0.1898054996646546,346000000,715000000,0.1598479767493852,0.0,533000000,0.1191594008495417,3.14,3.14,403000000,403000000,https://www.sec.gov/Archives/edgar/data/753308/000075330809000122/0000753308-09-000122-index.htm,https://www.sec.gov/Archives/edgar/data/753308/000075330809000122/form10q093009.htm
2009-06-30,NEE,2009-07-31,2009-07-31 14:35:43,Q2,3810000000,1798000000,2012000000,0.5280839895013123,0.0,0.0,0.0,3205000000,3205000000,5003000000,215000000,428000000,1033000000,0.2711286089238845,605000000,0.15879265091863518,299000000,441000000,0.115748031496063,0.0,370000000,0.09711286089238845,1.82,1.82,403000000,403000000,https://www.sec.gov/Archives/edgar/data/753308/000075330809000086/0000753308-09-000086-index.htm,https://www.sec.gov/Archives/edgar/data/753308/000075330809000086/form10q2q2009.htm
2009-03-31,NEE,2009-05-06,2009-05-05 19:03:50,Q1,3705000000,1811000000,1894000000,0.5112010796221322,0.0,0.0,0.0,3122000000,3122000000,4933000000,211000000,390000000,973000000,0.26261808367071526,583000000,0.1573549257759784,284000000,383000000,0.10337381916329284,0.0,364000000,0.09824561403508772,0.9,0.9,402000000,402000000,https://www.sec.gov/Archives/edgar/data/753308/000075330809000043/0000753308-09-000043-index.htm,https://www.sec.gov/Archives/edgar/data/753308/000075330809000043/form10q1q2009.htm
2008-12-31,NEE,2009-02-27,2009-02-26 19:15:04,FY,4003000000,1994000000,2009000000,0.501873594803897,0.0,0.0,0.0,3251000000,3251000000,5245000000,216000000,353000000,1105000000,0.27604296777416937,752000000,0.18785910567074693,285000000,515000000,0.1286535098675993,0.0,407000000,0.10167374469148138,4.1,4.1,400000000,400000000,https://www.sec.gov/Archives/edgar/data/753308/000075330809000025/0000753308-09-000025-index.htm,https://www.sec.gov/Archives/edgar/data/753308/000075330809000025/form10k123108.htm
2008-09-30,NEE,2008-10-31,2008-10-31 11:24:12,Q3,5387000000,2728000000,2659000000,0.49359569333580844,0.0,0.0,0.0,4071000000,4071000000,6799000000,204000000,348000000,1664000000,0.30889177649897903,1316000000,0.24429181362539445,341000000,1134000000,0.21050677557081865,18000000,774000000,0.14367922777055875,3.08,3.08,399000000,399000000,https://www.sec.gov/Archives/edgar/data/753308/000075330808000030/0000753308-08-000030-index.htm,https://www.sec.gov/Archives/edgar/data/753308/000075330808000030/form10q3q2008.htm
2008-06-30,NEE,2008-08-01,2008-08-01 13:38:23,Q2,3586000000,1964000000,1622000000,0.45231455660903513,0.0,0.0,0.0,3272000000,3272000000,5236000000,393000000,344000000,658000000,0.18349135527049637,314000000,0.08756274400446179,299000000,161000000,0.0448968209704406,-18000000,209000000,0.05828220858895705,1.15,1.15,399000000,399000000,https://www.sec.gov/Archives/edgar/data/753308/000075330808000018/0000753308-08-000018-index.htm,https://www.sec.gov/Archives/edgar/data/753308/000075330808000018/form10q2q2008.htm
2008-03-31,NEE,2008-05-02,2008-05-02 10:05:05,Q1,3434000000,1726000000,1708000000,0.49737914967967384,0.0,0.0,0.0,2991000000,2991000000,4717000000,0.0,333000000,776000000,0.22597553873034362,443000000,0.12900407687827606,279000000,279000000,0.08124635993011066,0.0,249000000,0.07251019219569016,0.62,0.62,399000000,399000000,https://www.sec.gov/Archives/edgar/data/753308/000075330808000010/0000753308-08-000010-index.htm,https://www.sec.gov/Archives/edgar/data/753308/000075330808000010/form10q1q2008.htm
2007-12-31,NEE,2008-02-28,2008-02-28 15:34:56,FY,3684000000,1971000000,1713000000,0.46498371335504884,0.0,0.0,0.0,3263000000,3263000000,5234000000,0.0,347000000,768000000,0.20846905537459284,421000000,0.11427795874049945,272000000,232000000,0.06297502714440825,0.0,224000000,0.06080347448425624,3.3,3.3,397000000,397000000,https://www.sec.gov/Archives/edgar/data/753308/000075330808000003/0000753308-08-000003-index.htm,https://www.sec.gov/Archives/edgar/data/753308/000075330808000003/form10k2007.htm
2007-09-30,NEE,2007-11-02,2007-11-02 12:38:55,Q3,4575000000,2443000000,2132000000,0.4660109289617486,0.0,0.0,0.0,3675000000,3675000000,6118000000,0.0,310000000,1210000000,0.2644808743169399,900000000,0.19672131147540983,322000000,760000000,0.16612021857923498,0.0,533000000,0.11650273224043715,2.74,2.74,397000000,397000000,https://www.sec.gov/Archives/edgar/data/753308/000075330807000068/0000753308-07-000068-index.htm,https://www.sec.gov/Archives/edgar/data/753308/000075330807000068/form10q3q2007.htm
2007-06-30,NEE,2007-08-02,2007-08-02 17:26:35,Q2,3929000000,2106000000,1823000000,0.46398574700941714,0.0,0.0,0.0,3265000000,3265000000,5371000000,0.0,309000000,973000000,0.2476457113769407,664000000,0.16899974548231103,270000000,532000000,0.13540341053703234,0.0,405000000,0.10307966403665055,1.4,1.4,397000000,397000000,https://www.sec.gov/Archives/edgar/data/753308/000075330807000055/0000753308-07-000055-index.htm,https://www.sec.gov/Archives/edgar/data/753308/000075330807000055/form10q2q2007.htm
2007-03-31,NEE,2007-05-03,2007-05-03 13:43:43,Q1,3075000000,1672000000,1403000000,0.456260162601626,0.0,0.0,0.0,2777000000,2777000000,4449000000,0.0,295000000,593000000,0.19284552845528455,298000000,0.09691056910569106,271000000,156000000,0.050731707317073174,0.0,150000000,0.04878048780487805,0.38,0.38,396000000,396000000,https://www.sec.gov/Archives/edgar/data/753308/000075330807000036/0000753308-07-000036-index.htm,https://www.sec.gov/Archives/edgar/data/753308/000075330807000036/form10q1q2007.htm
2006-12-31,NEE,2007-02-27,2007-02-27 13:47:18,FY,3623000000,2060000000,1563000000,0.4314104333425338,0.0,0.0,0.0,3299000000,3299000000,5359000000,0.0,297000000,621000000,0.1714049130554789,324000000,0.08942865028981507,269000000,288000000,0.07949213359094673,0.0,271000000,0.0747998895942589,3.25,3.25,393000000,393000000,https://www.sec.gov/Archives/edgar/data/753308/000075330807000016/0000753308-07-000016-index.htm,https://www.sec.gov/Archives/edgar/data/753308/000075330807000016/form10k2006.htm
2006-09-30,NEE,2006-11-03,2006-11-03 15:27:20,Q3,4694000000,2656000000,2038000000,0.4341712824882829,0.0,0.0,0.0,3828000000,3828000000,6484000000,0.0,286000000,1152000000,0.2454196847038773,866000000,0.18449083936940774,315000000,752000000,0.1602045164039199,0.0,524000000,0.11163187047294418,2.57,2.57,392000000,392000000,https://www.sec.gov/Archives/edgar/data/753308/000075330806000110/0000753308-06-000110-index.htm,https://www.sec.gov/Archives/edgar/data/753308/000075330806000110/form10q3q2006.htm
2006-06-30,NEE,2006-08-04,2006-08-04 16:42:16,Q2,3809000000,2174000000,1635000000,0.42924652139669206,0.0,0.0,0.0,3370000000,3370000000,5544000000,0.0,284000000,723000000,0.18981359936991335,439000000,0.1152533473352586,282000000,315000000,0.08269887109477553,0.0,238000000,0.0624835914938304,1.24,1.24,391000000,391000000,https://www.sec.gov/Archives/edgar/data/753308/000075330806000087/0000753308-06-000087-index.htm,https://www.sec.gov/Archives/edgar/data/753308/000075330806000087/form10q2q2006.htm
2006-03-31,NEE,2006-05-05,2006-05-05 15:11:07,Q1,3584000000,2053000000,1531000000,0.4271763392857143,0.0,0.0,0.0,3116000000,3116000000,5169000000,0.0,276000000,744000000,0.20758928571428573,468000000,0.13058035714285715,266000000,323000000,0.09012276785714286,0.0,248000000,0.06919642857142858,0.64,0.64,389000000,389000000,https://www.sec.gov/Archives/edgar/data/753308/000075330806000053/0000753308-06-000053-index.htm,https://www.sec.gov/Archives/edgar/data/753308/000075330806000053/form10q1q2006.htm
2005-12-31,NEE,2006-02-23,2006-02-23 16:04:29,FY,3164000000,1713000000,1451000000,0.4585967130214918,0.0,0.0,0.0,2812000000,2812000000,4525000000,0.0,321000000,673000000,0.2127054361567636,352000000,0.11125158027812895,212000000,-23000000,-0.007269279393173199,0.0,206000000,0.06510745891276865,2.33,2.33,380000000,380000000,https://www.sec.gov/Archives/edgar/data/753308/000075330806000032/0000753308-06-000032-index.htm,https://www.sec.gov/Archives/edgar/data/753308/000075330806000032/file10k2005.htm
2005-09-30,NEE,2005-11-04,2005-11-04 14:09:28,Q3,3504000000,1827000000,1677000000,0.4785958904109589,0.0,0.0,0.0,2945000000,2945000000,4772000000,0.0,321000000,880000000,0.2511415525114155,559000000,0.15953196347031964,261000000,492000000,0.1404109589041096,0.0,339000000,0.09674657534246575,1.79,1.79,378000000,378000000,https://www.sec.gov/Archives/edgar/data/753308/000075330805000101/0000753308-05-000101-index.htm,https://www.sec.gov/Archives/edgar/data/753308/000075330805000101/form10q3q2005.htm
2005-06-30,NEE,2005-08-04,2005-08-04 13:32:57,Q2,2741000000,1393000000,1348000000,0.4917913170375775,0.0,0.0,0.0,2422000000,2422000000,3815000000,0.0,303000000,622000000,0.2269244801167457,319000000,0.1163808828894564,234000000,257000000,0.09376140094855892,0.0,203000000,0.07406056183874499,0.9,0.9,376000000,376000000,https://www.sec.gov/Archives/edgar/data/753308/000075330805000081/0000753308-05-000081-index.htm,https://www.sec.gov/Archives/edgar/data/753308/000075330805000081/form10q2q2005.htm
2005-03-31,NEE,2005-05-09,2005-05-09 09:57:06,Q1,2437000000,1238000000,1199000000,0.4919983586376693,0.0,0.0,0.0,2203000000,2203000000,3441000000,0.0,297000000,531000000,0.21789084940500617,234000000,0.09601969634796881,224000000,159000000,0.06524415264669675,0.0,137000000,0.05621665982765695,0.37,0.37,370000000,370000000,https://www.sec.gov/Archives/edgar/data/753308/000075330805000042/0000753308-05-000042-index.htm,https://www.sec.gov/Archives/edgar/data/753308/000075330805000042/form10q1q2005.htm
2004-12-31,NEE,2005-02-28,2005-02-25 18:08:33,FY,2589000000,1328000000,1261000000,0.4870606411741985,0.0,0.0,0.0,2335000000,2335000000,3663000000,0.0,289000000,543000000,0.20973348783314022,254000000,0.09810737736577829,215000000,172000000,0.0664349169563538,0.0,172000000,0.0664349169563538,4.95,4.95,179000000,179000000,https://www.sec.gov/Archives/edgar/data/753308/000075330805000017/0000753308-05-000017-index.htm,https://www.sec.gov/Archives/edgar/data/753308/000075330805000017/file10k2004.htm
2004-09-30,NEE,2004-11-03,2004-11-03 15:56:38,Q3,2983000000,1488000000,1495000000,0.5011733154542407,0.0,0.0,0.0,2460000000,2460000000,3948000000,0.0,287000000,810000000,0.27153871940998997,523000000,0.17532685216225277,239000000,197000000,0.06604089842440496,0.0,320000000,0.10727455581629232,3.99,3.99,179000000,179000000,https://www.sec.gov/Archives/edgar/data/753308/000075330804000054/0000753308-04-000054-index.htm,https://www.sec.gov/Archives/edgar/data/753308/000075330804000054/form10q3q2004.htm
2004-06-30,NEE,2004-08-03,2004-08-03 15:01:07,Q2,2619000000,1242000000,1377000000,0.5257731958762887,0.0,0.0,0.0,2185000000,2185000000,3427000000,0.0,287000000,721000000,0.2752959144711722,434000000,0.16571210385643376,216000000,352000000,0.1344024436807942,0.0,257000000,0.09812905689194348,2.21,2.21,178000000,178000000,https://www.sec.gov/Archives/edgar/data/753308/000075330804000040/0000753308-04-000040-index.htm,https://www.sec.gov/Archives/edgar/data/753308/000075330804000040/form10q2q2004.htm
2004-03-31,NEE,2004-05-04,2004-05-04 16:22:05,Q1,2331000000,1159000000,1172000000,0.5027885027885027,0.0,0.0,0.0,2070000000,2070000000,3229000000,0.0,290000000,551000000,0.23637923637923638,261000000,0.11196911196911197,212000000,166000000,0.07121407121407121,0.0,138000000,0.059202059202059204,0.78,0.78,178000000,178000000,https://www.sec.gov/Archives/edgar/data/753308/000075330804000026/0000753308-04-000026-index.htm,https://www.sec.gov/Archives/edgar/data/753308/000075330804000026/form10q1q2004.htm
2003-12-31,NEE,2004-02-27,2004-02-27 17:25:07,FY,2025000000,803000000,1222000000,0.6034567901234568,0.0,0.0,0.0,1765000000,1765000000,2568000000,0.0,285000000,545000000,0.2691358024691358,260000000,0.12839506172839507,207000000,145000000,0.07160493827160494,0.0,145000000,0.07160493827160494,5.03,5.03,177000000,177000000,https://www.sec.gov/Archives/edgar/data/753308/000075330804000017/0000753308-04-000017-index.htm,https://www.sec.gov/Archives/edgar/data/753308/000075330804000017/file10k2003.htm
2003-09-30,NEE,2003-11-12,2003-11-12 09:16:28,Q3,2973000000,1532000000,1441000000,0.4846955936764211,0.0,0.0,0.0,2423000000,2423000000,3955000000,0.0,257000000,807000000,0.2714429868819374,550000000,0.1849983181971073,225000000,142000000,0.047763202152707705,0.0,331000000,0.11133535149680457,4.22,4.22,177000000,177000000,https://www.sec.gov/Archives/edgar/data/753308/000075330803000049/0000753308-03-000049-index.htm,https://www.sec.gov/Archives/edgar/data/753308/000075330803000049/form10q3q2003.htm
2003-06-30,NEE,2003-08-08,2003-08-08 17:16:48,Q2,2459000000,1183000000,1276000000,0.5189101260675071,0.0,0.0,0.0,2046000000,2046000000,3229000000,0.0,270000000,683000000,0.2777551850345669,413000000,0.16795445302968687,205000000,350000000,0.1423342822285482,0.0,239000000,0.09719398129320862,2.34,2.34,177000000,177000000,https://www.sec.gov/Archives/edgar/data/753308/000075330803000039/0000753308-03-000039-index.htm,https://www.sec.gov/Archives/edgar/data/753308/000075330803000039/form10q2q2003.htm
2003-03-31,NEE,2003-05-09,2003-05-09 16:32:49,Q1,2173000000,1021000000,1152000000,0.5301426599171652,0.0,0.0,0.0,1865000000,1865000000,2886000000,0.0,248000000,556000000,0.2558674643350207,308000000,0.1417395306028532,192000000,253000000,0.11642890013805798,0.0,175000000,0.08053382420616659,0.99,0.99,176000000,176000000,https://www.sec.gov/Archives/edgar/data/753308/000075330803000024/0000753308-03-000024-index.htm,https://www.sec.gov/Archives/edgar/data/753308/000075330803000024/form10q1q2003.htm
2002-12-31,NEE,2003-03-27,2003-03-26 21:39:20,FY,2060000000,928000000,1132000000,0.5495145631067961,0.0,0.0,0.0,1812000000,1812000000,2740000000,0.0,223000000,471000000,0.22864077669902913,248000000,0.1203883495145631,165000000,174000000,0.08446601941747572,0.0,129000000,0.06262135922330098,4.02,4.02,172000000,172000000,https://www.sec.gov/Archives/edgar/data/753308/000075330803000017/0000753308-03-000017-index.htm,https://www.sec.gov/Archives/edgar/data/753308/000075330803000017/file10k2002.htm
2002-09-30,NEE,2002-11-13,2002-11-13 10:20:44,Q3,2159000000,889000000,1270000000,0.5882352941176471,0.0,0.0,0.0,1844000000,1844000000,2733000000,0.0,685000000,1000000000,0.4631773969430292,315000000,0.1459008800370542,198000000,207000000,0.09587772116720704,0.0,150000000,0.06947660954145438,3.29,3.29,171000000,171000000,https://www.sec.gov/Archives/edgar/data/753308/000075330802000060/0000753308-02-000060-index.htm,https://www.sec.gov/Archives/edgar/data/753308/000075330802000060/form10q3q02.htm
2002-06-30,NEE,2002-08-12,2002-08-09 17:33:27,Q2,2249000000,1090000000,1159000000,0.5153401511783015,0.0,0.0,0.0,1840000000,1840000000,2930000000,0.0,0.0,409000000,0.18185860382392174,409000000,0.18185860382392174,185000000,373000000,0.16585148955091153,0.0,250000000,0.11116051578479325,2.45,2.45,169000000,169000000,https://www.sec.gov/Archives/edgar/data/753308/000075330802000051/0000753308-02-000051-index.htm,https://www.sec.gov/Archives/edgar/data/753308/000075330802000051/file10q.htm
2002-03-31,NEE,2002-05-15,2002-05-15 11:37:25,Q1,1843000000,804000000,1039000000,0.5637547476939773,0.0,0.0,0.0,1587000000,1587000000,2391000000,0.0,0.0,256000000,0.138903960933261,256000000,0.138903960933261,173000000,185000000,0.10037981551817689,0.0,-56000000,-0.030385241454150842,0.98,0.98,169000000,169000000,https://www.sec.gov/Archives/edgar/data/753308/000075330802000029/0000753308-02-000029-index.htm,https://www.sec.gov/Archives/edgar/data/753308/000075330802000029/file10q.htm
2001-12-31,NEE,2002-03-29,2002-03-29 00:00:00,FY,1839000000,783000000,1056000000,0.5742251223491027,0.0,0.0,0.0,1602000000,1602000000,2385000000,0.0,983000000,1220000000,0.6634040239260468,237000000,0.12887438825448613,172000000,167000000,0.09081022294725394,0.0,118000000,0.06416530723219141,4.63,4.63,168000000,168000000,https://www.sec.gov/Archives/edgar/data/753308/000075330802000021/0000753308-02-000021-index.htm,https://www.sec.gov/Archives/edgar/data/753308/000075330802000021/file10k2001.htm
