date,symbol,fillingDate,acceptedDate,period,revenue,costOfRevenue,grossProfit,grossProfitRatio,researchAndDevelopmentExpenses,generalAndAdministrativeExpenses,sellingAndMarketingExpenses,otherExpenses,operatingExpenses,costAndExpenses,interestExpense,depreciationAndAmortization,ebitda,ebitdaratio,operatingIncome,operatingIncomeRatio,totalOtherIncomeExpensesNet,incomeBeforeTax,incomeBeforeTaxRatio,incomeTaxExpense,netIncome,netIncomeRatio,eps,epsdiluted,weightedAverageShsOut,weightedAverageShsOutDil,link,finalLink
2020-02-29,ORCL,2020-03-13,2020-03-13 16:21:31,Q3,9797000000,0.0,9797000000,1.0,1500000000,288000000,2049000000,1964000000,5801000000,6269000000,457000000,748000000,4276000000,0.436460140859,3528000000,0.360110237828,0.0,3075000000,0.313871593345,504000000,2571000000,0.262427273655,0.8,0.78,3251000000,3337000000,https://www.sec.gov/Archives/edgar/data/1341439/000156459020010833/0001564590-20-010833-index.htm,https://www.sec.gov/Archives/edgar/data/1341439/000156459020010833/orcl-10q_20200229.htm
2019-11-30,ORCL,2019-12-13,2019-12-13 16:22:03,Q2,9614000000,0.0,9614000000,1.0,1531000000,323000000,2068000000,2048000000,5970000000,6431000000,465000000,748000000,3931000000,0.408882879135,3183000000,0.331079675473,0.0,2810000000,0.292282088621,499000000,2311000000,0.24037861452,0.72,0.69,3281000000,3370000000,https://www.sec.gov/Archives/edgar/data/1341439/000156459019045966/0001564590-19-045966-index.htm,https://www.sec.gov/Archives/edgar/data/1341439/000156459019045966/orcl-10q_20191130.htm
2019-08-31,ORCL,2019-09-13,2019-09-13 16:22:37,Q1,9218000000,0.0,9218000000,1.0,1557000000,292000000,2018000000,1957000000,5824000000,6341000000,494000000,750000000,3627000000,0.393469299197,2877000000,0.312106747668,0.0,2482000000,0.2692558038620091,345000000,2137000000,0.231829030158,0.64,0.63,3317000000,3410000000,https://www.sec.gov/Archives/edgar/data/1341439/000156459019034717/0001564590-19-034717-index.htm,https://www.sec.gov/Archives/edgar/data/1341439/000156459019034717/orcl-10q_20190831.htm
2019-05-31,ORCL,2019-06-21,2019-06-21 16:29:05,FY,11137000000,0.0,11137000000,1.0,1562000000,330000000,2318000000,2063000000,6273000000,6880000000,525000000,754000000,5011000000,0.449941635988,4257000000,0.382239382239,0.0,3866000000,0.3471311843404867,126000000,3740000000,0.33581754512,1.07,1.04,3634000000,3732000000,https://www.sec.gov/Archives/edgar/data/1341439/000156459019023119/0001564590-19-023119-index.htm,https://www.sec.gov/Archives/edgar/data/1341439/000156459019023119/orcl-10k_20190531.htm
2019-02-28,ORCL,2019-03-18,2019-03-18 16:12:45,Q3,9614000000,0.0,9614000000,1.0,1425000000,316000000,2051000000,1976000000,5768000000,6214000000,509000000,741000000,4141000000,0.430726024548,3400000000,0.353650925733,0.0,3088000000,0.321198252548,343000000,2745000000,0.285521115041,0.77,0.75,3716000000,3811000000,https://www.sec.gov/Archives/edgar/data/1341439/000156459019008273/0001564590-19-008273-index.htm,https://www.sec.gov/Archives/edgar/data/1341439/000156459019008273/orcl-10q_20190228.htm
2018-11-30,ORCL,2018-12-19,2018-12-19 16:15:00,Q2,9562000000,3735000000,5827000000,0.6093913407236979,1475000000,298000000,2101000000,2003000000,5877000000,6462000000,519000000,704000000,3804000000,0.397824722861,3100000000,0.324199958168,-291000000,2774000000,0.290106672244,441000000,2333000000,0.243986613679,0.63,0.61,3812000000,3908000000,https://www.sec.gov/Archives/edgar/data/1341439/000156459018031113/0001564590-18-031113-index.htm,https://www.sec.gov/Archives/edgar/data/1341439/000156459018031113/orcl-10q_20181130.htm
2018-08-31,ORCL,2018-09-19,2018-09-19 16:53:42,Q1,9193000000,3735000000,5458000000,0.5937126074186881,1564000000,321000000,2039000000,1953000000,5877000000,6415000000,529000000,720000000,3498000000,0.38050690743,2778000000,0.302186446209,291000000,2540000000,0.276297182639,275000000,2265000000,0.246383117589,0.58,0.57,3904000000,3999000000,https://www.sec.gov/Archives/edgar/data/1341439/000156459018023315/0001564590-18-023315-index.htm,https://www.sec.gov/Archives/edgar/data/1341439/000156459018023315/orcl-10q_20180831.htm
2018-05-31,ORCL,2018-06-22,2018-06-22 16:09:07,FY,11252000000,754000000,10498000000,0.9329896907216495,1544000000,307000000,2325000000,2163000000,6339000000,6872000000,548000000,702000000,5082000000,0.45165303946,4380000000,0.389264130821,308000000,4140000000,0.367934589406,733000000,3407000000,0.302790615002,0.83,0.8,4121000000,4238000000,https://www.sec.gov/Archives/edgar/data/1341439/000119312518201034/0001193125-18-201034-index.htm,https://www.sec.gov/Archives/edgar/data/1341439/000119312518201034/d568983d10k.htm
2018-02-28,ORCL,2018-03-21,2018-03-21 16:12:09,Q3,9770000000,712000000,9058000000,0.9271238485158649,1498000000,340000000,2032000000,1068000000,4938000000,6361000000,533000000,699000000,4108000000,0.420470829069,3409000000,0.348925281474,424000000,3300000000,0.337768679632,7324000000,-4024000000,-0.4118730808597748,-0.97,-0.94,4146000000,4268000000,https://www.sec.gov/Archives/edgar/data/1341439/000119312518090646/0001193125-18-090646-index.htm,https://www.sec.gov/Archives/edgar/data/1341439/000119312518090646/d548579d10q.htm
2017-11-30,ORCL,2017-12-18,2017-12-18 17:03:58,Q2,9622000000,720000000,8902000000,0.92517148202037,1475000000,322000000,2082000000,988000000,4867000000,6553000000,475000000,688000000,3757000000,0.390459363958,3069000000,0.318956557888,272000000,2866000000,0.297859072958,634000000,2232000000,0.231968405737,0.54,0.52,4158000000,4283000000,https://www.sec.gov/Archives/edgar/data/1341439/000119312517372232/0001193125-17-372232-index.htm,https://www.sec.gov/Archives/edgar/data/1341439/000119312517372232/d510241d10q.htm
2017-08-31,ORCL,2017-09-18,2017-09-18 17:20:03,Q1,9187000000,702000000,8485000000,0.9235876782409927,1574000000,320000000,1992000000,974000000,4860000000,6366000000,469000000,696000000,3517000000,0.382823555023,2821000000,0.307064330032,233000000,2585000000,0.28137585719,375000000,2210000000,0.240557309241,0.53,0.52,4156000000,4284000000,https://www.sec.gov/Archives/edgar/data/1341439/000119312517287455/0001193125-17-287455-index.htm,https://www.sec.gov/Archives/edgar/data/1341439/000119312517287455/d407367d10q.htm
2017-05-31,ORCL,2017-06-27,2017-06-27 16:05:35,FY,10893000000,728000000,10165000000,0.9331680895988249,1608000000,317000000,2314000000,3616000000,7855000000,6819000000,481000000,719000000,4793000000,0.440007344166,4074000000,0.374001652437,168000000,3761000000,0.345267603048,529000000,3232000000,0.296704305517,0.78,0.76,4115000000,4217000000,https://www.sec.gov/Archives/edgar/data/1341439/000119312517214833/0001193125-17-214833-index.htm,https://www.sec.gov/Archives/edgar/data/1341439/000119312517214833/d385998d10k.htm
2017-02-28,ORCL,2017-03-17,2017-03-17 16:07:09,Q3,9205000000,680000000,8525000000,0.9261271048343291,1521000000,241000000,2004000000,2481000000,3766000000,6247000000,450000000,656000000,3614000000,0.392612710483,2958000000,0.321347093971,190000000,2698000000,0.293101575231,459000000,2239000000,0.243237370994,0.55,0.53,4110000000,4207000000,https://www.sec.gov/Archives/edgar/data/1341439/000119312517087309/0001193125-17-087309-index.htm,https://www.sec.gov/Archives/edgar/data/1341439/000119312517087309/d353998d10q.htm
2016-11-30,ORCL,2016-12-19,2016-12-19 16:12:44,Q2,9035000000,698000000,8337000000,0.9227448810182624,1510000000,303000000,1960000000,2225000000,3773000000,5998000000,451000000,543000000,3580000000,0.396236856669,3037000000,0.336137244051,99000000,2685000000,0.297177642501,653000000,2032000000,0.2249031544,0.5,0.49,4112000000,4208000000,https://www.sec.gov/Archives/edgar/data/1341439/000119312516797253/0001193125-16-797253-index.htm,https://www.sec.gov/Archives/edgar/data/1341439/000119312516797253/d289857d10q.htm
2016-08-31,ORCL,2016-09-19,2016-09-19 17:10:13,Q1,8595000000,695000000,7900000000,0.9191390343222804,1520000000,315000000,1919000000,2200000000,3754000000,5954000000,416000000,533000000,3174000000,0.369284467714,2641000000,0.307271669575,148000000,2373000000,0.276090750436,541000000,1832000000,0.213147178592,0.44,0.43,4119000000,4221000000,https://www.sec.gov/Archives/edgar/data/1341439/000119312516713596/0001193125-16-713596-index.htm,https://www.sec.gov/Archives/edgar/data/1341439/000119312516713596/d252702d10q.htm
2016-05-31,ORCL,2016-06-22,2016-06-22 16:24:36,FY,10594000000,693000000,9901000000,0.9345856144987729,1534000000,323000000,2306000000,2463000000,4163000000,6626000000,362000000,228000000,3968000000,0.374551633,3968000000,0.374551633,126000000,3732000000,0.352274872569,918000000,2814000000,0.265622050217,0.68,0.66,4221000000,4305000000,https://www.sec.gov/Archives/edgar/data/1341439/000119312516628942/0001193125-16-628942-index.htm,https://www.sec.gov/Archives/edgar/data/1341439/000119312516628942/d203801d10k.htm
2016-02-29,ORCL,2016-03-18,2016-03-18 16:11:19,Q3,9012000000,657000000,8355000000,0.9270972037283621,1419000000,290000000,1903000000,2373000000,3612000000,5985000000,360000000,214000000,3027000000,0.335885486019,3027000000,0.335885486019,65000000,2732000000,0.303151353751,590000000,2142000000,0.237683089214,0.51,0.51,4246000000,4328000000,https://www.sec.gov/Archives/edgar/data/1341439/000119312516510333/0001193125-16-510333-index.htm,https://www.sec.gov/Archives/edgar/data/1341439/000119312516510333/d48108d10q.htm
2015-11-30,ORCL,2015-12-18,2015-12-18 16:04:50,Q2,8993000000,690000000,8303000000,0.9232736572890026,1444000000,285000000,1944000000,2365000000,3673000000,6038000000,371000000,210000000,2955000000,0.32858890248,2955000000,0.32858890248,84000000,2668000000,0.296675191816,470000000,2198000000,0.244412320694,0.52,0.5,4278000000,4364000000,https://www.sec.gov/Archives/edgar/data/1341439/000119312515407703/0001193125-15-407703-index.htm,https://www.sec.gov/Archives/edgar/data/1341439/000119312515407703/d134252d10q.htm
2015-08-31,ORCL,2015-09-18,2015-09-18 17:18:22,Q1,8448000000,711000000,7737000000,0.9158380681818182,1390000000,257000000,1731000000,2416000000,3378000000,5794000000,374000000,219000000,2654000000,0.31415719697,2654000000,0.31415719697,30000000,2310000000,0.2734375,563000000,1747000000,0.206794507576,0.4,0.4,4317000000,4412000000,https://www.sec.gov/Archives/edgar/data/1341439/000119312515323532/0001193125-15-323532-index.htm,https://www.sec.gov/Archives/edgar/data/1341439/000119312515323532/d64286d10q.htm
2015-05-31,ORCL,2015-06-25,2015-06-25 17:03:14,FY,10706000000,750000000,9956000000,0.9299458247711564,1436000000,278000000,2212000000,2798000000,3926000000,6724000000,326000000,210000000,3982000000,0.371940967682,3982000000,0.371940967682,41000000,3697000000,0.345320381095,940000000,2757000000,0.257519148141,0.63,0.62,4404000000,4503000000,https://www.sec.gov/Archives/edgar/data/1341439/000119312515235239/0001193125-15-235239-index.htm,https://www.sec.gov/Archives/edgar/data/1341439/000119312515235239/d920711d10k.htm
2015-02-28,ORCL,2015-03-19,2015-03-19 16:31:53,Q3,9326000000,724000000,8602000000,0.9223675745228394,1370000000,252000000,1840000000,2481000000,3462000000,5943000000,273000000,178000000,3383000000,0.362749303024,3383000000,0.362749303024,40000000,3150000000,0.33776538709,654000000,2496000000,0.267638859104,0.57,0.55,4419000000,4516000000,https://www.sec.gov/Archives/edgar/data/1341439/000119312515098586/0001193125-15-098586-index.htm,https://www.sec.gov/Archives/edgar/data/1341439/000119312515098586/d851089d10q.htm
2014-11-30,ORCL,2014-12-19,2014-12-19 16:38:45,Q2,9598000000,764000000,8834000000,0.9204000833506981,1389000000,271000000,1897000000,2498000000,3557000000,6055000000,283000000,164000000,3543000000,0.369139404043,3543000000,0.369139404043,9000000.0,3269000000,0.340591789956,768000000,2501000000,0.260575119817,0.57,0.56,4434000000,4527000000,https://www.sec.gov/Archives/edgar/data/1341439/000119312514448728/0001193125-14-448728-index.htm,https://www.sec.gov/Archives/edgar/data/1341439/000119312514448728/d819288d10q.htm
2014-08-31,ORCL,2014-09-23,2014-09-23 17:28:28,Q1,8596000000,691000000,7905000000,0.9196137738483016,1329000000,276000000,1706000000,2322000000,3311000000,5633000000,261000000,160000000,2963000000,0.344695207073,2963000000,0.344695207073,16000000,2718000000,0.316193578409,534000000,2184000000,0.254071661238,0.49,0.48,4451000000,4548000000,https://www.sec.gov/Archives/edgar/data/1341439/000119312514350291/0001193125-14-350291-index.htm,https://www.sec.gov/Archives/edgar/data/1341439/000119312514350291/d770194d10q.htm
2014-05-31,ORCL,2014-06-26,2014-06-26 17:07:01,FY,38275000000,2954000000,35321000000,0.9228216851730895,5151000000,1038000000,7567000000,2832000000,13756000000,23516000000,914000000,156000000,14759000000,0.385604180274,14759000000,0.385604180274,-141000000,13704000000,0.358040496408,2749000000,10955000000,0.286218158067,2.42,2.38,4528000000,4604000000,https://www.sec.gov/Archives/edgar/data/1341439/000119312514251351/0001193125-14-251351-index.htm,https://www.sec.gov/Archives/edgar/data/1341439/000119312514251351/d725622d10k.htm
2014-01-31,ORCL,2014-03-20,2014-03-20 16:28:15,Q3,9308000000,1657000000,7651000000,0.8219810915341642,1293000000,251000000,1928000000,2269000000,5741000000,5741000000,-446000000,150000000,3717000000,0.35603785346,3567000000,0.35603785346,-29000000,3250000000,0.332407774693,685000000,2565000000,0.268827562759,-1.04,-1.02,4571000000,4637000000,https://www.sec.gov/Archives/edgar/data/1341439/000119312514108126/0001193125-14-108126-index.htm,https://www.sec.gov/Archives/edgar/data/1341439/000119312514108126/d669179d10q.htm
2013-11-30,ORCL,2013-12-20,2013-12-20 16:33:44,Q2,9275000000,851000000,8424000000,0.9082479784366577,1273000000,262000000,1965000000,2365000000,3500000000,5865000000,229000000,152000000,3410000000,0.367654986523,3410000000,0.367654986523,22000000,3203000000,0.345336927224,650000000,2553000000,0.27525606469,0.56,0.55,4571000000,4637000000,https://www.sec.gov/Archives/edgar/data/1341439/000119312513481081/0001193125-13-481081-index.htm,https://www.sec.gov/Archives/edgar/data/1341439/000119312513481081/d626279d10q.htm
2013-08-31,ORCL,2013-09-20,2013-09-20 17:01:37,Q1,8372000000,806000000,7566000000,0.9037267080745341,1237000000,260000000,1708000000,2294000000,3205000000,5499000000,217000000,150000000,2873000000,0.343167701863,2873000000,0.343167701863,7000000.0,2663000000,0.318084089823,472000000,2191000000,0.261705685619,0.48,0.47,4608000000,4674000000,https://www.sec.gov/Archives/edgar/data/1341439/000119312513373455/0001193125-13-373455-index.htm,https://www.sec.gov/Archives/edgar/data/1341439/000119312513373455/d587382d10q.htm
2013-05-31,ORCL,2013-06-26,2013-06-26 17:24:42,FY,10947000000,879000000,10068000000,0.9197040285009591,1264000000,274000000,2208000000,2201000000,3746000000,5947000000,209000000,146000000,5000000000,0.456746140495,5000000000,0.456746140495,35000000,4826000000,0.440851374806,1020000000,3806000000,0.347675162145,0.81,0.8,4769000000,4844000000,https://www.sec.gov/Archives/edgar/data/1341439/000119312513272832/0001193125-13-272832-index.htm,https://www.sec.gov/Archives/edgar/data/1341439/000119312513272832/d531515d10k.htm
2013-02-28,ORCL,2013-03-22,2013-03-22 16:27:38,Q3,8958000000,854000000,8104000000,0.9046662201384238,1186000000,260000000,1801000000,2377000000,3247000000,5624000000,206000000,139000000,3334000000,0.372181290467,3334000000,0.372181290467,-38000000,3090000000,0.344943067649,586000000,2504000000,0.279526680063,0.52,0.52,4798000000,4873000000,https://www.sec.gov/Archives/edgar/data/1341439/000119312513122271/0001193125-13-122271-index.htm,https://www.sec.gov/Archives/edgar/data/1341439/000119312513122271/d474064d10q.htm
2012-11-30,ORCL,2012-12-21,2012-12-21 16:14:27,Q2,9094000000,930000000,8164000000,0.8977347701781394,1199000000,263000000,1774000000,2387000000,3236000000,5623000000,194000000,134000000,3471000000,0.381680228722,3471000000,0.381680228722,3000000.0,3280000000,0.360677369694,699000000,2581000000,0.283813503409,0.54,0.53,4829000000,4904000000,https://www.sec.gov/Archives/edgar/data/1341439/000119312512513009/0001193125-12-513009-index.htm,https://www.sec.gov/Archives/edgar/data/1341439/000119312512513009/d454343d10q.htm
2012-08-31,ORCL,2012-09-24,2012-09-24 16:59:18,Q1,8181000000,884000000,7297000000,0.8919447500305586,1201000000,275000000,1545000000,2281000000,3021000000,5302000000,188000000,127000000,2879000000,0.351912969075,2879000000,0.351912969075,11000000,2702000000,0.3302774721916636,668000000,2034000000,0.248624862486,0.42,0.41,4867000000,4939000000,https://www.sec.gov/Archives/edgar/data/1341439/000119312512401697/0001193125-12-401697-index.htm,https://www.sec.gov/Archives/edgar/data/1341439/000119312512401697/d397317d10q.htm
2012-05-31,ORCL,2012-06-26,2012-06-26 17:25:40,FY,10916000000,955000000,9961000000,0.9125137412971784,1226000000,278000000,2100000000,2717000000,3604000000,6321000000,192000000,136000000,4595000000,0.4209417369,4595000000,0.4209417369,-20000000,4383000000,0.401520703554,931000000,3452000000,0.3162330524,0.69,0.68,5015000000,5095000000,https://www.sec.gov/Archives/edgar/data/1341439/000119312512284007/0001193125-12-284007-index.htm,https://www.sec.gov/Archives/edgar/data/1341439/000119312512284007/d369484d10k.htm
2012-02-29,ORCL,2012-03-23,2012-03-23 17:04:59,Q3,9039000000,923000000,8116000000,0.8978869343953977,1145000000,261000000,1700000000,2616000000,3106000000,5722000000,190000000,124000000,3317000000,0.366965372276,3317000000,0.366965372276,21000000,3148000000,0.348268613785,651000000,2497000000,0.276247372497,0.5,0.5,5037000000,5118000000,https://www.sec.gov/Archives/edgar/data/1341439/000119312512129918/0001193125-12-129918-index.htm,https://www.sec.gov/Archives/edgar/data/1341439/000119312512129918/d289615d10q.htm
2011-11-30,ORCL,2011-12-23,2011-12-23 16:31:28,Q2,8792000000,929000000,7863000000,0.8943357597816196,1102000000,276000000,1697000000,2606000000,3075000000,5681000000,192000000,109000000,3111000000,0.353844404004,3111000000,0.353844404004,41000000,2960000000,0.336669699727,768000000,2192000000,0.249317561419,0.44,0.42,5052000000,5137000000,https://www.sec.gov/Archives/edgar/data/1341439/000119312511351954/0001193125-11-351954-index.htm,https://www.sec.gov/Archives/edgar/data/1341439/000119312511351954/d263957d10q.htm
2011-08-31,ORCL,2011-09-23,2011-09-23 17:29:18,Q1,8374000000,936000000,7438000000,0.8882254597563888,1050000000,311000000,1630000000,2700000000,2991000000,5691000000,192000000,117000000,2683000000,0.32039646525,2683000000,0.32039646525,-20000000,2471000000,0.2950800095533795,631000000,1840000000,0.219727728684,0.36,0.36,5062000000,5150000000,https://www.sec.gov/Archives/edgar/data/1341439/000119312511255436/0001193125-11-255436-index.htm,https://www.sec.gov/Archives/edgar/data/1341439/000119312511255436/d234670d10q.htm
2011-05-31,ORCL,2011-06-28,2011-06-27 21:44:56,FY,8802000000,1177000000,7625000000,0.8662803908202681,1265000000,59000000,1499000000,2893000000,2823000000,5831000000,1562000000,85000000,2971000000,0.337536923426,2971000000,0.337536923426,251000000,3168000000,0.359918200409,756000000,2412000000,0.274028629857,0.47,0.46,5048000000,5128000000,https://www.sec.gov/Archives/edgar/data/1341439/000119312511174819/0001193125-11-174819-index.htm,https://www.sec.gov/Archives/edgar/data/1341439/000119312511174819/d10k.htm
2011-02-28,ORCL,2011-03-29,2011-03-29 15:30:11,Q3,8763000000,0.0,8763000000,1.0,1127000000,286000000,1618000000,2745000000,5776000000,5776000000,203000000,89000000,3076000000,0.35102133972383887,2987000000,0.34086500057058083,0.0,2799000000,0.3194111605614516,684000000,2115000000,0.24135570010270455,1.06,1.04,5042000000,5117000000,https://www.sec.gov/Archives/edgar/data/1341439/000119312511081178/0001193125-11-081178-index.htm,https://www.sec.gov/Archives/edgar/data/1341439/000119312511081178/d10q.htm
2010-11-30,ORCL,2010-12-21,2010-12-21 17:18:21,Q2,8582000000,0.0,8582000000,1.0,1119000000,156000000,1531000000,3006000000,5812000000,5812000000,214000000,95000000,2865000000,0.33383826613842926,2770000000,0.322768585411326,0.0,2647000000,0.3084362619436029,776000000,1871000000,0.21801444884642274,0.64,0.63,5035000000,5100000000,https://www.sec.gov/Archives/edgar/data/1341439/000119312510285703/0001193125-10-285703-index.htm,https://www.sec.gov/Archives/edgar/data/1341439/000119312510285703/d10q.htm
2010-08-31,ORCL,2010-09-20,2010-09-20 16:13:29,Q1,7502000000,0.0,7502000000,1.0,1103000000,272000000,1333000000,2877000000,5585000000,5585000000,196000000,99000000,2016000000,0.2687283391095708,1917000000,0.25553185817115437,0.0,1795000000,0.2392695281258331,443000000,1352000000,0.18021860837110104,0.27,0.27,5026000000,5083000000,https://www.sec.gov/Archives/edgar/data/1341439/000119312510213084/0001193125-10-213084-index.htm,https://www.sec.gov/Archives/edgar/data/1341439/000119312510213084/d10q.htm
2010-05-31,ORCL,2010-07-01,2010-06-30 21:59:05,FY,26820000000,880000000,25940000000,0.9671886651752424,3254000000,911000000,5080000000,3105000000,9245000000,17758000000,-754000000,102000000,9062000000,0.337882177479,9062000000,0.337882177479,-65000000,8243000000,0.307345264728,2108000000,6135000000,0.228747203579,1.22,1.21,5014000000,5073000000,https://www.sec.gov/Archives/edgar/data/1341439/000119312510151896/0001193125-10-151896-index.htm,https://www.sec.gov/Archives/edgar/data/1341439/000119312510151896/d10k.htm
2010-02-28,ORCL,2010-03-29,2010-03-29 17:23:54,Q,6404000000,1614000000,4790000000,0.7479700187382886,823000000,236000000,1242000000,2259000000,4560000000,2946000000,-21149000,-51478000,1792522000,0.209732623073,1844000000,0.0204843150879,19321000,13749000,0.2471892567145534,393000000,18423000,0.1858213616489694,0.23,0.23,5010000000,5063000000,https://www.sec.gov/Archives/edgar/data/1341439/000119312510070192/0001193125-10-070192-index.htm,https://www.sec.gov/Archives/edgar/data/1341439/000119312510070192/d10q.htm
2009-11-30,ORCL,2009-12-22,2009-12-21 17:56:40,Q2,5857000000,832000000,5025000000,0.8579477548232883,708000000,182000000,1133000000,1656000000,3679000000,4511000000,189000000,62000000,2240000000,0.382448352398839,2178000000,0.3718627283592283,0.0,2023000000,0.3453986682602015,565000000,1458000000,0.24893290080245858,0.52,0.51,5010000000,5063000000,https://www.sec.gov/Archives/edgar/data/1341439/000119312509257212/0001193125-09-257212-index.htm,https://www.sec.gov/Archives/edgar/data/1341439/000119312509257212/d10q.htm
2009-08-31,ORCL,2009-09-21,2009-09-21 16:59:46,Q1,5054000000,782000000,4272000000,0.8452710724178868,660000000,201000000,960000000,1493000000,3314000000,4096000000,179000000,61000000,1801000000,0.3563514048278591,1740000000,0.3442817570241393,0.0,1562000000,0.30906212900672736,438000000,1124000000,0.222398100514444,0.22,0.22,5009000000,5063000000,https://www.sec.gov/Archives/edgar/data/1341439/000119312509195193/0001193125-09-195193-index.htm,https://www.sec.gov/Archives/edgar/data/1341439/000119312509195193/d10q.htm
2009-05-31,ORCL,2009-06-29,2009-06-29 17:05:21,FY,6861000000,886000000,5975000000,0.8708643054948259,730000000,214000000,1326000000,1706000000,3976000000,4862000000,159000000,65000000,2950000000,0.429966477189914,2885000000,0.4204926395569159,0.0,2755000000,0.4015449642909197,864000000,1891000000,0.2756157994461449,1.1,1.09,5070000000,5130000000,https://www.sec.gov/Archives/edgar/data/1341439/000095012309018689/0000950123-09-018689-index.htm,https://www.sec.gov/Archives/edgar/data/1341439/000095012309018689/f52658e10vk.htm
2009-02-28,ORCL,2009-03-23,2009-03-23 15:29:36,Q3,5453000000,855000000,4598000000,0.8432055749128919,677000000,192000000,1054000000,1590000000,3513000000,4368000000,154000000,64000000,2004000000,0.36750412616908124,1940000000,0.3557674674491106,0.0,1810000000,0.33192737942417017,481000000,1329000000,0.2437190537318907,0.73,0.72,5095000000,5159000000,https://www.sec.gov/Archives/edgar/data/1341439/000095013409005859/0000950134-09-005859-index.htm,https://www.sec.gov/Archives/edgar/data/1341439/000095013409005859/f51802e10vq.htm
2008-11-30,ORCL,2008-12-22,2008-12-22 17:20:40,Q2,5607000000,939000000,4668000000,0.8325307651150348,652000000,173000000,1146000000,1661000000,3632000000,4571000000,158000000,70000000,2045000000,0.3647226680934546,1975000000,0.3522382735865882,0.0,1825000000,0.325485999643303,529000000,1296000000,0.23113964686998395,0.46,0.46,5140000000,5211000000,https://www.sec.gov/Archives/edgar/data/1341439/000095013408022578/0000950134-08-022578-index.htm,https://www.sec.gov/Archives/edgar/data/1341439/000095013408022578/f50703e10vq.htm
2008-08-31,ORCL,2008-09-22,2008-09-22 10:11:23,Q1,5331000000,1026000000,4305000000,0.8075407990996061,708000000,206000000,1112000000,1784000000,3810000000,4836000000,159000000,64000000,1585000000,0.29731757643969237,1521000000,0.28531232414181207,0.0,1444000000,0.2708685049709248,367000000,1077000000,0.2020258863252673,0.21,0.21,5152000000,5235000000,https://www.sec.gov/Archives/edgar/data/1341439/000095013408016926/0000950134-08-016926-index.htm,https://www.sec.gov/Archives/edgar/data/1341439/000095013408016926/f43743e10vq.htm
2008-05-31,ORCL,2008-07-02,2008-07-02 06:01:47,FY,7239000000,1073000000,6166000000,0.8517751070589861,2741000000,200000000,1526000000,-198000000,4269000000,5342000000,129000000,66000000,3036000000,0.419394944053046,2970000000,0.41027766266058846,0.0,2941000000,0.4062715844729935,904000000,2037000000,0.2813924575217571,1.08,1.06,5133000000,5229000000,https://www.sec.gov/Archives/edgar/data/1341439/000095013408012257/0000950134-08-012257-index.htm,https://www.sec.gov/Archives/edgar/data/1341439/000095013408012257/f41477e10vk.htm
2008-02-29,ORCL,2008-04-01,2008-04-01 16:32:46,Q3,5349000000,989000000,4360000000,0.8151056272200411,-1326000000,206000000,1083000000,3511000000,3474000000,4463000000,82000000,65000000,1940000000,0.36268461394653206,1875000000,0.35053280987100394,0.0,1878000000,0.3510936623667975,538000000,1340000000,0.2505141147878108,0.68,0.67,5128000000,5228000000,https://www.sec.gov/Archives/edgar/data/1341439/000089161808000197/0000891618-08-000197-index.htm,https://www.sec.gov/Archives/edgar/data/1341439/000089161808000197/f38202e10vq.htm
2007-11-30,ORCL,2007-12-21,2007-12-21 10:59:45,Q2,5313000000,991000000,4322000000,0.81347637869377,674000000,207000000,1096000000,1554000000,3531000000,4522000000,89000000,70000000,1852000000,0.34857895727460947,1782000000,0.33540372670807456,0.0,1815000000,0.3416149068322981,511000000,1304000000,0.24543572369659325,0.42,0.41,5117000000,5224000000,https://www.sec.gov/Archives/edgar/data/1341439/000089161807000697/0000891618-07-000697-index.htm,https://www.sec.gov/Archives/edgar/data/1341439/000089161807000697/f35957e10vq.htm
2007-08-31,ORCL,2007-09-26,2007-09-26 14:22:48,Q1,4529000000,931000000,3598000000,0.794435857805255,652000000,195000000,974000000,1491000000,3312000000,4243000000,94000000,67000000,1284000000,0.2835062927798631,1217000000,0.26871274011923163,0.0,1200000000,0.2649591521307132,360000000,840000000,0.18547140649149924,0.16,0.16,5110000000,5217000000,https://www.sec.gov/Archives/edgar/data/1341439/000095013407020490/0000950134-07-020490-index.htm,https://www.sec.gov/Archives/edgar/data/1341439/000095013407020490/f33605e10vq.htm
2007-05-31,ORCL,2007-06-29,2007-06-29 17:04:46,FY,5829000000,930000000,4899000000,0.840452907874421,599000000,189000000,1275000000,-3743000000,-1680000000,-750000000,95000000,65000000,2346000000,0.4024704065877509,2281000000,0.3913192657402642,0.0,2264000000,0.38840281351861383,660000000,1604000000,0.2751758449133642,0.83,0.81,5170000000,5269000000,https://www.sec.gov/Archives/edgar/data/1341439/000095013407014478/0000950134-07-014478-index.htm,https://www.sec.gov/Archives/edgar/data/1341439/000095013407014478/f31530e10vk.htm
2007-02-28,ORCL,2007-03-27,2007-03-27 17:00:49,Q3,4413000000,820000000,3593000000,0.8141853614321324,570000000,175000000,967000000,1307000000,3019000000,3839000000,82000000,60000000,1454000000,0.32948107863131654,1394000000,0.31588488556537503,0.0,1406000000,0.3186041241785633,373000000,1033000000,0.23408112395196012,0.51,0.51,5186000000,5284000000,https://www.sec.gov/Archives/edgar/data/1341439/000119312507065645/0001193125-07-065645-index.htm,https://www.sec.gov/Archives/edgar/data/1341439/000119312507065645/d10q.htm
2006-11-30,ORCL,2006-12-21,2006-12-21 16:48:08,Q2,4163000000,819000000,3344000000,0.8032668748498679,520000000,171000000,915000000,1201000000,2807000000,3626000000,83000000,65000000,1421000000,0.34134037953398993,1356000000,0.3257266394427096,0.0,1354000000,0.32524621667067016,387000000,967000000,0.23228441028104732,0.31,0.31,5200000000,5297000000,https://www.sec.gov/Archives/edgar/data/1341439/000119312506258170/0001193125-06-258170-index.htm,https://www.sec.gov/Archives/edgar/data/1341439/000119312506258170/d10q.htm
2006-08-31,ORCL,2006-09-25,2006-09-25 16:26:27,Q1,3591000000,780000000,2811000000,0.7827903091060986,506000000,157000000,750000000,1235000000,2648000000,3428000000,83000000,59000000,1002000000,0.27903091060985796,943000000,0.2626009468114731,0.0,962000000,0.2678919521024784,292000000,670000000,0.18657755499860762,0.13,0.13,5217000000,5307000000,https://www.sec.gov/Archives/edgar/data/1341439/000119312506196503/0001193125-06-196503-index.htm,https://www.sec.gov/Archives/edgar/data/1341439/000119312506196503/d10q.htm
2006-05-31,ORCL,2006-07-21,2006-07-21 17:24:26,FY,4851000000,759000000,4092000000,0.8435374149659864,537000000,145000000,1101000000,1211000000,2994000000,3753000000,83000000,63000000,1920000000,0.39579468150896724,1857000000,0.38280766852195425,0.0,1879000000,0.38734281591424446,579000000,1300000000,0.26798598227169657,0.65,0.64,5196000000,5287000000,https://www.sec.gov/Archives/edgar/data/1341439/000119312506151154/0001193125-06-151154-index.htm,https://www.sec.gov/Archives/edgar/data/1341439/000119312506151154/d10k.htm
