date,symbol,fillingDate,acceptedDate,period,revenue,costOfRevenue,grossProfit,grossProfitRatio,researchAndDevelopmentExpenses,generalAndAdministrativeExpenses,sellingAndMarketingExpenses,otherExpenses,operatingExpenses,costAndExpenses,interestExpense,depreciationAndAmortization,ebitda,ebitdaratio,operatingIncome,operatingIncomeRatio,totalOtherIncomeExpensesNet,incomeBeforeTax,incomeBeforeTaxRatio,incomeTaxExpense,netIncome,netIncomeRatio,eps,epsdiluted,weightedAverageShsOut,weightedAverageShsOutDil,link,finalLink
2020-03-31,OXY,2020-05-06,2020-05-06 08:58:13,Q1,6410000000,612000000,5798000000,0.9045241809672387,37000000,260000000,0.0,786000000,297000000,909000000,352000000,2242000000,865000000,0.134945397816,-2013000000,-287.57142857142856,34000000,-1377000000,-196.71428571428572,82000000,-2013000000,-287.57142857142856,-2.49,-2.49,896700000,896700000,https://www.sec.gov/Archives/edgar/data/797468/000079746820000010/0000797468-20-000010-index.htm,https://www.sec.gov/Archives/edgar/data/797468/000079746820000010/oxy-20200331.htm
2019-12-31,OXY,2020-02-28,2020-02-27 21:59:03,FY,6282000000,745000000,5537000000,0.8814071951607768,112000000,882000000,0.0,2364000000,112000000,857000000,434000000,2271000000,916000000,0.145813435212,-507000000,-0.815112540192926,365000000,-420000000,-0.6752411575562701,46000000,-522000000,-0.8392282958199357,-1.67,-1.67,809500000,809500000,https://www.sec.gov/Archives/edgar/data/797468/000079746820000004/0000797468-20-000004-index.htm,https://www.sec.gov/Archives/edgar/data/797468/000079746820000004/oxy10k12-31x2019.htm
2019-09-30,OXY,2019-11-04,2019-11-04 17:09:33,Q3,5687000000,685000000,5002000000,0.8795498505363109,63000000,242000000,0.0,1584000000,27000000,1141000000,381000000,1706000000,1014000000,0.178301389133,-1098000000,-0.18702095043433828,241000000,-692000000,-0.11786748424459206,116000000,-752000000,-0.12808720831204223,-1.23,-1.23,781100000,782200000,https://www.sec.gov/Archives/edgar/data/797468/000079746819000016/0000797468-19-000016-index.htm,https://www.sec.gov/Archives/edgar/data/797468/000079746819000016/oxyform10q93019.htm
2019-06-30,OXY,2019-07-31,2019-07-31 17:04:40,Q2,4420000000,1386000000,3034000000,0.6864253393665158,35000000,163000000,0.0,36000000,71000000,1457000000,153000000,1031000000,1875000000,0.424208144796,844000000,0.190950226244,41000000,844000000,0.190950226244,306000000,635000000,0.143665158371,0.84,0.84,748700000,750000000,https://www.sec.gov/Archives/edgar/data/797468/000079746819000012/0000797468-19-000012-index.htm,https://www.sec.gov/Archives/edgar/data/797468/000079746819000012/oxyform10q63019.htm
2019-03-31,OXY,2019-05-06,2019-05-06 17:04:39,Q1,4004000000,1345000000,2659000000,0.6640859140859141,36000000,140000000,0.0,98000000,36000000,1381000000,98000000,973000000,1756000000,0.438561438561,783000000,0.195554445554,78000000,783000000,0.195554445554,225000000,631000000,0.157592407592,0.84,0.84,748900000,750500000,https://www.sec.gov/Archives/edgar/data/797468/000079746819000007/0000797468-19-000007-index.htm,https://www.sec.gov/Archives/edgar/data/797468/000079746819000007/oxyform10q33119.htm
2018-12-31,OXY,2019-02-21,2019-02-21 17:29:15,FY,4762000000,1954000000,2808000000,0.5896682066358673,50000000,473000000,0.0,473000000,50000000,2004000000,99000000,1086000000,1815000000,0.381142377152,729000000,0.153086938261,35000000,729000000,0.153086938261,126000000,706000000,0.148257034859,0.94,0.94,761700000,763300000,https://www.sec.gov/Archives/edgar/data/797468/000079746819000004/0000797468-19-000004-index.htm,https://www.sec.gov/Archives/edgar/data/797468/000079746819000004/oxy10k12-31x2018.htm
2018-09-30,OXY,2018-11-05,2018-11-05 16:27:58,Q3,5216000000,1786000000,3430000000,0.6575920245398773,24000000,431000000,0.0,431000000,24000000,1810000000,96000000,1023000000,3515000000,0.67388803681,2492000000,0.477760736196,34000000,2492000000,0.477760736196,710000000,1869000000,0.358320552147,2.44,2.43,764300000,765800000,https://www.sec.gov/Archives/edgar/data/797468/000079746818000017/0000797468-18-000017-index.htm,https://www.sec.gov/Archives/edgar/data/797468/000079746818000017/oxyform10q93018.htm
2018-06-30,OXY,2018-08-08,2018-08-08 16:54:25,Q2,4083000000,1465000000,2618000000,0.6411951996081313,21000000,402000000,0.0,402000000,21000000,1486000000,97000000,947000000,2019000000,0.494489346069,1072000000,0.262552045065,38000000,1072000000,0.262552045065,302000000,848000000,0.207690423708,1.1,1.1,765700000,767200000,https://www.sec.gov/Archives/edgar/data/797468/000079746818000014/0000797468-18-000014-index.htm,https://www.sec.gov/Archives/edgar/data/797468/000079746818000014/oxyform10q63018.htm
2018-03-31,OXY,2018-05-08,2018-05-08 16:25:29,Q1,3763000000,1363000000,2400000000,0.6377889981397821,15000000,307000000,0.0,307000000,15000000,1378000000,97000000,921000000,1905000000,0.506245017273,984000000,0.261493489237,29000000,984000000,0.261493489237,339000000,708000000,0.188147754451,0.92,0.92,765600000,767000000,https://www.sec.gov/Archives/edgar/data/797468/000079746818000008/0000797468-18-000008-index.htm,https://www.sec.gov/Archives/edgar/data/797468/000079746818000008/oxyform10q33118.htm
2017-12-31,OXY,2018-02-23,2018-02-23 17:19:51,FY,3492000000,1325000000,2167000000,0.620561282932417,55000000,448000000,0.0,448000000,55000000,1380000000,87000000,1076000000,1062000000,0.30412371134,497000000,0.13851727982162765,27000000,-14000000,-0.0039018952062430325,431000000,497000000,0.142325315006,0.65,0.64,765100000,765900000,https://www.sec.gov/Archives/edgar/data/797468/000079746818000005/0000797468-18-000005-index.htm,https://www.sec.gov/Archives/edgar/data/797468/000079746818000005/oxy10k12-31x2017.htm
2017-09-30,OXY,2017-11-01,2017-11-01 16:24:43,Q3,2999000000,1357000000,1642000000,0.547515838612871,8000000.0,352000000,0.0,352000000,8000000.0,1365000000,91000000,995000000,1210000000,0.403467822608,215000000,0.0716905635212,20000000,215000000,0.0716905635212,85000000,190000000,0.0633544514838,0.25,0.25,764900000,765700000,https://www.sec.gov/Archives/edgar/data/797468/000079746817000025/0000797468-17-000025-index.htm,https://www.sec.gov/Archives/edgar/data/797468/000079746817000025/oxyform10q93017.htm
2017-06-30,OXY,2017-08-02,2017-08-02 16:24:04,Q2,3060000000,1486000000,1574000000,0.5143790849673202,8000000.0,352000000,0.0,352000000,8000000.0,1494000000,86000000,989000000,1594000000,0.52091503268,605000000,0.197712418301,31000000,605000000,0.197712418301,285000000,507000000,0.16568627451,0.66,0.66,764700000,765500000,https://www.sec.gov/Archives/edgar/data/797468/000079746817000019/0000797468-17-000019-index.htm,https://www.sec.gov/Archives/edgar/data/797468/000079746817000019/oxyform10q63017.htm
2017-03-31,OXY,2017-05-04,2017-05-04 17:05:27,Q1,2957000000,1426000000,1531000000,0.5177544808927967,11000000,272000000,0.0,272000000,11000000,1437000000,81000000,942000000,1107000000,0.374365911397,165000000,0.0557997970916,21000000,165000000,0.0557997970916,78000000,117000000,0.0395671288468,0.15,0.15,764400000,765200000,https://www.sec.gov/Archives/edgar/data/797468/000079746817000007/0000797468-17-000007-index.htm,https://www.sec.gov/Archives/edgar/data/797468/000079746817000007/oxyform10q33117.htm
2016-12-31,OXY,2017-02-23,2017-02-23 09:54:15,FY,2518000000,1326000000,1192000000,0.47339158061953934,17000000,404000000,0.0,404000000,17000000,1343000000,76000000,1050000000,410000000,0.162827640985,-268000000,-0.09483368719037509,34000000,-640000000,-0.22646850672328378,662000000,-272000000,-0.09624911535739561,-0.35,-0.35,763800000,763800000,https://www.sec.gov/Archives/edgar/data/797468/000079746817000003/0000797468-17-000003-index.htm,https://www.sec.gov/Archives/edgar/data/797468/000079746817000003/oxy10k12-31x2016.htm
2016-09-30,OXY,2016-11-01,2016-11-01 16:07:24,Q3,2733000000,1338000000,1395000000,0.5104281009879253,9000000.0,316000000,0.0,316000000,316000000,773000000,68000000,1046000000,720000000,0.2634467618,-238000000,-0.08708379070618368,25000000,-326000000,-0.11928283937065495,-299000000,-241000000,-0.08818148554701793,-0.32,-0.32,763700000,763700000,https://www.sec.gov/Archives/edgar/data/797468/000079746816000039/0000797468-16-000039-index.htm,https://www.sec.gov/Archives/edgar/data/797468/000079746816000039/oxyform10q93016.htm
2016-06-30,OXY,2016-08-03,2016-08-03 17:11:09,Q2,2558000000,1244000000,1314000000,0.5136825645035183,27000000,338000000,0.0,311000000,338000000,1582000000,88000000,1070000000,787000000,0.307662236122,-136000000,-0.053166536356528536,27000000,-283000000,-0.11063330727130571,299000000,-139000000,-0.05433932759968726,-0.18,-0.18,763500000,763500000,https://www.sec.gov/Archives/edgar/data/797468/000079746816000036/0000797468-16-000036-index.htm,https://www.sec.gov/Archives/edgar/data/797468/000079746816000036/oxyform10q63016.htm
2016-03-31,OXY,2016-05-05,2016-05-05 17:07:37,Q1,2281000000,1281000000,1000000000,0.4384042086804033,9000000.0,272000000,0.0,263000000,272000000,1553000000,60000000,1102000000,506000000,0.221832529592,-360000000,-0.1578255151249452,20000000,-596000000,-0.26128890837352037,-203000000,78000000,0.0341955282771,0.1,0.1,763400000,763400000,https://www.sec.gov/Archives/edgar/data/797468/000079746816000023/0000797468-16-000023-index.htm,https://www.sec.gov/Archives/edgar/data/797468/000079746816000023/oxyform10q33116.htm
2015-12-31,OXY,2016-02-26,2016-02-26 12:08:12,FY,2624000000,1354000000,1270000000,0.4839939024390244,13000000,320000000,0.0,307000000,320000000,1674000000,61000000,1276000000,-4229000000,-1.4875131902919452,-5505000000,-1.936334857544847,30000000,-6749000000,-2.3739008090045726,1190000000,-5178000000,-1.8213155117833275,-6.77,-6.77,765600000,765600000,https://www.sec.gov/Archives/edgar/data/797468/000079746816000017/0000797468-16-000017-index.htm,https://www.sec.gov/Archives/edgar/data/797468/000079746816000017/oxy10k12-31x2015.htm
2015-09-30,OXY,2015-10-30,2015-10-29 18:04:22,Q3,3298000000,1413000000,1885000000,0.5715585203153426,5000000.0,292000000,0.0,287000000,292000000,1705000000,48000000,1123000000,-1483000000,-0.4568699938385706,-2606000000,-0.8028342575477511,31000000,-3111000000,-0.9584103512014788,445000000,-2609000000,-0.803758471965496,-3.41,-3.41,766400000,766400000,https://www.sec.gov/Archives/edgar/data/797468/000079746815000014/0000797468-15-000014-index.htm,https://www.sec.gov/Archives/edgar/data/797468/000079746815000014/oxyform10q93015.htm
2015-06-30,OXY,2015-08-04,2015-08-03 18:14:14,Q2,3469000000,451000000,3018000000,0.8699913519746325,10000000,347000000,0.0,337000000,347000000,798000000,8000000.0,1116000000,1562000000,0.450273854137,446000000,0.128567310464,26000000,446000000,0.128567310464,324000000,176000000,0.0507350821562,0.23,0.23,768000000,768000000,https://www.sec.gov/Archives/edgar/data/797468/000079746815000012/0000797468-15-000012-index.htm,https://www.sec.gov/Archives/edgar/data/797468/000079746815000012/oxyform10q63015.htm
2015-03-31,OXY,2015-05-06,2015-05-06 16:21:22,Q1,3089000000,2586000000,503000000,0.16283586921333765,8000000.0,311000000,0.0,303000000,311000000,2897000000,30000000,1029000000,759000000,0.24571058595,-215000000,-0.06944444444444445,31000000,-270000000,-0.0872093023255814,19000000,-218000000,-0.07041343669250646,-0.28,-0.28,769600000,769600000,https://www.sec.gov/Archives/edgar/data/797468/000079746815000006/0000797468-15-000006-index.htm,https://www.sec.gov/Archives/edgar/data/797468/000079746815000006/oxyform10q3312015.htm
2014-12-31,OXY,2015-02-23,2015-02-23 16:23:58,FY,953000000,3077000000,-2124000000,-2.228751311647429,-12000000,176000000,0.0,188000000,176000000,-2901000000,25000000,318000000,-3850000000,-1.3002364066193854,-4168000000,-1.4076325565687269,23000000,-5277000000,-1.7821681864235055,1021000000,-3407000000,-1.1506247889226613,-4.34,-4.34,781100000,781100000,https://www.sec.gov/Archives/edgar/data/797468/000079746815000003/0000797468-15-000003-index.htm,https://www.sec.gov/Archives/edgar/data/797468/000079746815000003/oxy10k12-31x2014.htm
2014-09-30,OXY,2014-10-31,2014-10-30 17:41:28,Q3,5996000000,3385000000,2611000000,0.43545697131420946,53000000,441000000,0.0,388000000,441000000,3826000000,14000000,1360000000,2568000000,0.428285523682,1208000000,0.201467645097,31000000,1214000000,0.202468312208,817000000,1208000000,0.201467645097,1.55,1.55,783700000,784100000,https://www.sec.gov/Archives/edgar/data/797468/000079746814000079/0000797468-14-000079-index.htm,https://www.sec.gov/Archives/edgar/data/797468/000079746814000079/oxyform10q9302014.htm
2014-06-30,OXY,2014-08-05,2014-08-05 10:35:21,Q2,6275000000,3297000000,2978000000,0.4745816733067729,54000000,498000000,0.0,444000000,498000000,3795000000,18000000,1317000000,2748000000,0.437928286853,1431000000,0.228047808765,46000000,1435000000,0.228685258964,957000000,1431000000,0.228047808765,1.83,1.83,786900000,787200000,https://www.sec.gov/Archives/edgar/data/797468/000079746814000073/0000797468-14-000073-index.htm,https://www.sec.gov/Archives/edgar/data/797468/000079746814000073/oxyform10q63014.htm
2014-03-31,OXY,2014-05-05,2014-05-05 12:07:11,Q1,6088000000,3198000000,2890000000,0.4747043363994744,55000000,388000000,0.0,333000000,388000000,3586000000,20000000,1266000000,2656000000,0.436268068331,1390000000,0.228318002628,30000000,1389000000,0.228153745072,932000000,1390000000,0.228318002628,1.75,1.75,791300000,791700000,https://www.sec.gov/Archives/edgar/data/797468/000144530514001808/0001445305-14-001808-index.htm,https://www.sec.gov/Archives/edgar/data/797468/000144530514001808/oxy10q3312014.htm
2013-12-31,OXY,2014-03-03,2014-03-03 14:00:57,FY,6172000000,1969000000,4203000000,0.6809786130913804,60000000,454000000,0.0,394000000,454000000,-1515000000,25000000,1451000000,586000000,0.0949449125081,1648000000,0.2278446011336928,17000000,2890000000,0.468243681141,973000000,1643000000,0.2662022035,2.05,2.04,804100000,804600000,https://www.sec.gov/Archives/edgar/data/797468/000079746814000011/0000797468-14-000011-index.htm,https://www.sec.gov/Archives/edgar/data/797468/000079746814000011/oxy10k12-31x2013.htm
2013-09-30,OXY,2013-10-30,2013-10-30 13:17:11,Q3,6449000000,3214000000,3235000000,0.5016281594045588,68000000,459000000,0.0,391000000,459000000,3673000000,29000000,1334000000,3853000000,0.597456970073,2519000000,0.390603194294,26000000,2519000000,0.390603194294,1037000000,1583000000,0.245464413087,1.96,1.96,804800000,805400000,https://www.sec.gov/Archives/edgar/data/797468/000079746813000106/0000797468-13-000106-index.htm,https://www.sec.gov/Archives/edgar/data/797468/000079746813000106/oxy10q9302013.htm
2013-06-30,OXY,2013-08-05,2013-08-05 16:05:26,Q2,5962000000,3180000000,2782000000,0.4666219389466622,78000000,495000000,0.0,417000000,495000000,3675000000,30000000,1303000000,3445000000,0.577826232808,2142000000,0.359275410936,28000000,2142000000,0.359275410936,901000000,1322000000,0.221737671922,1.64,1.64,804800000,805300000,https://www.sec.gov/Archives/edgar/data/797468/000079746813000079/0000797468-13-000079-index.htm,https://www.sec.gov/Archives/edgar/data/797468/000079746813000079/oxy10q6302013.htm
2013-03-31,OXY,2013-05-01,2013-05-01 13:48:20,Q1,5872000000,3137000000,2735000000,0.4657697547683924,50000000,393000000,0.0,343000000,393000000,3530000000,34000000,1259000000,3366000000,0.573228882834,2107000000,0.358821525886,35000000,2107000000,0.358821525886,844000000,1355000000,0.23075613079,1.68,1.68,804700000,805200000,https://www.sec.gov/Archives/edgar/data/797468/000079746813000036/0000797468-13-000036-index.htm,https://www.sec.gov/Archives/edgar/data/797468/000079746813000036/oxy10q3312013.htm
2012-12-31,OXY,2013-02-26,2013-02-26 14:26:18,FY,6171000000,1342000000,4829000000,0.7825311942959001,82000000,439000000,0.0,357000000,439000000,-903000000,36000000,1191000000,1734000000,0.280991735537,543000000,0.0879922216821,17000000,543000000,0.0879922216821,249000000,336000000,0.0544482255712,0.42,0.42,809300000,810000000,https://www.sec.gov/Archives/edgar/data/797468/000079746813000011/0000797468-13-000011-index.htm,https://www.sec.gov/Archives/edgar/data/797468/000079746813000011/oxy10k12-31x2012.htm
2012-09-30,OXY,2012-11-02,2012-11-02 13:26:38,Q3,5965000000,3176000000,2789000000,0.46756077116512995,69000000,394000000,0.0,325000000,394000000,3570000000,36000000,1148000000,3292000000,0.551886001676,2144000000,0.359430008382,26000000,2144000000,0.359430008382,855000000,1375000000,0.23051131601,1.7,1.7,810100000,810800000,https://www.sec.gov/Archives/edgar/data/797468/000079746812000086/0000797468-12-000086-index.htm,https://www.sec.gov/Archives/edgar/data/797468/000079746812000086/form10q-20120930.htm
2012-06-30,OXY,2012-08-06,2012-08-06 13:53:35,Q2,5768000000,3060000000,2708000000,0.4694868238557559,96000000,335000000,0.0,239000000,335000000,3395000000,28000000,1087000000,3193000000,0.553571428571,2106000000,0.365117891817,24000000,2106000000,0.365117891817,875000000,1328000000,0.230235783634,1.63,1.63,810400000,811200000,https://www.sec.gov/Archives/edgar/data/797468/000079746812000064/0000797468-12-000064-index.htm,https://www.sec.gov/Archives/edgar/data/797468/000079746812000064/form10q-20120630.htm
2012-03-31,OXY,2012-05-03,2012-05-02 18:45:48,Q1,6268000000,2950000000,3318000000,0.5293554562858966,98000000,434000000,0.0,336000000,434000000,3384000000,30000000,1085000000,3682000000,0.587428206765,2597000000,0.414326738992,14000000,2597000000,0.414326738992,1139000000,1559000000,0.248723675814,1.92,1.92,810500000,811300000,https://www.sec.gov/Archives/edgar/data/797468/000079746812000023/0000797468-12-000023-index.htm,https://www.sec.gov/Archives/edgar/data/797468/000079746812000023/form10q-20121q.htm
2011-12-31,OXY,2012-02-23,2012-02-23 13:40:17,FY,6034000000,740000000,5294000000,0.8773616175008286,73000000,452000000,0.0,379000000,452000000,-288000000,31000000,938000000,3447000000,0.571262843885,2509000000,0.41581040769,29000000,2509000000,0.41581040769,949000000,1634000000,0.270798806762,2.01,2.01,812100000,812900000,https://www.sec.gov/Archives/edgar/data/797468/000079746812000016/0000797468-12-000016-index.htm,https://www.sec.gov/Archives/edgar/data/797468/000079746812000016/form10k-2011.htm
2011-09-30,OXY,2011-11-03,2011-11-03 13:27:12,Q3,6006000000,2879000000,3127000000,0.5206460206460206,39000000,242000000,0.0,203000000,242000000,3121000000,25000000,924000000,3663000000,0.60989010989,2739000000,0.456043956044,69000000,2739000000,0.456043956044,1087000000,1771000000,0.294871794872,2.17,2.18,812600000,813300000,https://www.sec.gov/Archives/edgar/data/797468/000079746811000098/0000797468-11-000098-index.htm,https://www.sec.gov/Archives/edgar/data/797468/000079746811000098/form10q-20113q.htm
2011-06-30,OXY,2011-08-04,2011-08-04 13:23:36,Q2,6173000000,2720000000,3453000000,0.5593714563421351,62000000,388000000,0.0,326000000,388000000,3108000000,27000000,839000000,3688000000,0.597440466548,2849000000,0.461526000324,35000000,2849000000,0.461526000324,1111000000,1817000000,0.294346346995,2.24,2.23,812500000,813300000,https://www.sec.gov/Archives/edgar/data/797468/000079746811000081/0000797468-11-000081-index.htm,https://www.sec.gov/Archives/edgar/data/797468/000079746811000081/form10q-20112q.htm
2011-03-31,OXY,2011-05-05,2011-05-04 18:54:56,Q1,5726000000,2526000000,3200000000,0.5588543485854,84000000,441000000,0.0,357000000,441000000,2967000000,215000000,890000000,3252000000,0.56793573175,2362000000,0.41250436605,32000000,2362000000,0.41250436605,1054000000,1549000000,0.270520433112,1.9,1.9,812600000,813400000,https://www.sec.gov/Archives/edgar/data/797468/000079746811000037/0000797468-11-000037-index.htm,https://www.sec.gov/Archives/edgar/data/797468/000079746811000037/form10q-20111q.htm
2010-12-31,OXY,2011-02-24,2011-02-24 13:52:43,FY,4617000000,2444000000,2173000000,0.4706519384881958,50000000,1083000000,0.0,349000000,399000000,-1361000000,20000000,545000000,2358000000,0.510721247563,1813000000,0.392679228937,84000000,1813000000,0.392679228937,650000000,1212000000,0.262508122157,1.49,1.49,812500000,813800000,https://www.sec.gov/Archives/edgar/data/797468/000079746811000026/0000797468-11-000026-index.htm,https://www.sec.gov/Archives/edgar/data/797468/000079746811000026/form10k-2010.htm
2010-09-30,OXY,2010-11-04,2010-11-04 13:19:16,Q3,4896000000,2444000000,2452000000,0.5008169934640523,83000000,288000000,0.0,205000000,288000000,2732000000,26000000,858000000,2823000000,0.576593137255,1965000000,0.401348039216,27000000,1965000000,0.401348039216,816000000,1191000000,0.243259803922,1.47,1.46,812400000,813800000,https://www.sec.gov/Archives/edgar/data/797468/000079746810000115/0000797468-10-000115-index.htm,https://www.sec.gov/Archives/edgar/data/797468/000079746810000115/form10q-20103q.htm
2010-06-30,OXY,2010-08-05,2010-08-05 13:24:44,Q2,4761000000,2432000000,2329000000,0.4891829447595043,73000000,-375000000,0.0,236000000,309000000,2741000000,32000000,876000000,2698000000,0.566687670657,1822000000,0.382692711615,40000000,1822000000,0.382692711615,800000000,1063000000,0.22327242176,1.3,1.3,812300000,813700000,https://www.sec.gov/Archives/edgar/data/797468/000079746810000098/0000797468-10-000098-index.htm,https://www.sec.gov/Archives/edgar/data/797468/000079746810000098/form10q-20102q.htm
2010-03-31,OXY,2010-05-06,2010-05-06 09:46:42,Q1,4771000000,2442000000,2329000000,0.4881576189478097,56000000,375000000,0.0,319000000,375000000,2817000000,38000000,874000000,2633000000,0.551875916999,1759000000,0.368685810103,21000000,1759000000,0.368685810103,729000000,1064000000,0.223014043178,1.31,1.31,0.0,0.0,https://www.sec.gov/Archives/edgar/data/797468/000079746810000039/0000797468-10-000039-index.htm,https://www.sec.gov/Archives/edgar/data/797468/000079746810000039/form10q-20101q.htm
2009-12-31,OXY,2010-02-25,2010-02-25 14:53:37,FY,4580000000,6253000000,-1673000000,-0.36528384279475984,0.0,359000000,0.0,359000000,359000000,-5894000000,-41000000,820000000,3796000000,0.8288209606986899,2976000000,0.6497816593886463,38000000,1559000000,0.3403930131004367,673000000,1101000000,0.24039301310043668,3.6,3.6,823888888,823888888,https://www.sec.gov/Archives/edgar/data/797468/000079746810000020/0000797468-10-000020-index.htm,https://www.sec.gov/Archives/edgar/data/797468/000079746810000020/form10k-2009.htm
2009-09-30,OXY,2009-11-02,2009-11-02 13:35:37,Q3,4126000000,2130000000,1996000000,0.48376151236063986,0.0,359000000,0.0,359000000,359000000,2489000000,-40000000,769000000,-305000000,-0.0739214735821619,-1074000000,-0.26030053320407176,22000000,1426000000,0.3456131846825012,549000000,794000000,0.19243819680077556,2.44,2.44,764344262,764344262,https://www.sec.gov/Archives/edgar/data/797468/000079746809000100/0000797468-09-000100-index.htm,https://www.sec.gov/Archives/edgar/data/797468/000079746809000100/form10q-20093q.htm
2009-06-30,OXY,2009-08-06,2009-08-06 13:31:38,Q2,3722000000,2059000000,1663000000,0.44680279419666846,0.0,362000000,0.0,362000000,362000000,2421000000,-32000000,742000000,1438000000,0.3863514239656099,696000000,0.18699623858140785,28000000,1105000000,0.2968833960236432,455000000,694000000,0.18645889306824287,1.3,1.3,823846153,823846153,https://www.sec.gov/Archives/edgar/data/797468/000079746809000095/0000797468-09-000095-index.htm,https://www.sec.gov/Archives/edgar/data/797468/000079746809000095/form10q-20092q.htm
2009-03-31,OXY,2009-04-30,2009-04-29 19:01:17,Q1,3103000000,2064000000,1039000000,0.3348372542700612,0.0,270000000,0.0,270000000,270000000,2334000000,-27000000,786000000,1166000000,0.37576538833387046,380000000,0.12246213341927167,30000000,579000000,0.18659361907831132,241000000,377000000,0.12149532710280374,0.45,0.45,837777777,837777777,https://www.sec.gov/Archives/edgar/data/797468/000079746809000031/0000797468-09-000031-index.htm,https://www.sec.gov/Archives/edgar/data/797468/000079746809000031/form10q-20091q.htm
2008-12-31,OXY,2009-02-24,2009-02-24 14:29:18,FY,4067000000,564000000,3503000000,0.861322842389968,0.0,-16000000,0.0,-16000000,-16000000,-580000000,-35000000,753000000,1201000000,0.29530366363412835,448000000,0.11015490533562823,44000000,533000000,0.1310548315711827,118000000,443000000,0.10892549791000737,8.37,8.37,819235364,819235364,https://www.sec.gov/Archives/edgar/data/797468/000079746809000015/0000797468-09-000015-index.htm,https://www.sec.gov/Archives/edgar/data/797468/000079746809000015/form10k-2008.htm
2008-09-30,OXY,2008-11-04,2008-11-04 13:27:46,Q3,7119000000,2844000000,4275000000,0.6005056890012642,0.0,393000000,0.0,393000000,393000000,3237000000,-24000000,683000000,2955000000,0.41508638853771596,2272000000,0.3191459474645315,59000000,3799000000,0.5336423655007726,1546000000,2271000000,0.3190054782975137,7.79,7.79,820000000,820000000,https://www.sec.gov/Archives/edgar/data/797468/000110465908067838/0001104659-08-067838-index.htm,https://www.sec.gov/Archives/edgar/data/797468/000110465908067838/a08-27414_110q.htm
2008-06-30,OXY,2008-08-05,2008-08-05 13:22:33,Q2,7220000000,2681000000,4539000000,0.6286703601108034,0.0,480000000,0.0,480000000,480000000,3161000000,-32000000,621000000,2921000000,0.40457063711911356,2300000000,0.3185595567867036,73000000,3943000000,0.5461218836565097,1671000000,2297000000,0.31814404432132964,5.01,5.01,822000000,822000000,https://www.sec.gov/Archives/edgar/data/797468/000104746908008716/0001047469-08-008716-index.htm,https://www.sec.gov/Archives/edgar/data/797468/000104746908008716/a2186932z10-q.htm
2008-03-31,OXY,2008-05-01,2008-04-30 19:09:54,Q1,6074000000,2462000000,3612000000,0.5946657886071781,0.0,400000000,0.0,400000000,400000000,2862000000,-38000000,653000000,2472000000,0.4069805729338163,1819000000,0.2994731643068818,60000000,3096000000,0.509713533091867,1294000000,1846000000,0.30391834046756666,2.21,2.21,823000000,823000000,https://www.sec.gov/Archives/edgar/data/797468/000079746808000054/0000797468-08-000054-index.htm,https://www.sec.gov/Archives/edgar/data/797468/000079746808000054/form10q-20081q.htm
2007-12-31,OXY,2008-02-22,2008-02-22 14:14:36,FY,11435000000,0.0,11435000000,1.0,0.0,1561000000,0.0,1561000000,1561000000,1561000000,-339000000,639000000,5717000000,0.49995627459554,5078000000,0.44407520769567116,355000000,8578000000,0.7501530389156099,3507000000,5400000000,0.47223436816790554,6.08,6.08,888157894,888157894,https://www.sec.gov/Archives/edgar/data/797468/000079746808000026/0000797468-08-000026-index.htm,https://www.sec.gov/Archives/edgar/data/797468/000079746808000026/form10k-2007.htm
2007-09-30,OXY,2007-10-31,2007-10-31 13:58:15,Q3,5055000000,2297000000,2758000000,0.5455984174085065,0.0,0.0,0.0,405000000,405000000,2702000000,-48000000,602000000,1918000000,0.3794263105835806,1316000000,0.2603363006923838,57000000,2169000000,0.429080118694362,0.0,1324000000,0.2619188921859545,4.34,4.34,837000000,837000000,https://www.sec.gov/Archives/edgar/data/797468/000079746807000137/0000797468-07-000137-index.htm,https://www.sec.gov/Archives/edgar/data/797468/000079746807000137/form10q-20073q.htm
2007-06-30,OXY,2007-08-01,2007-08-01 13:24:47,Q2,4683000000,2178000000,2505000000,0.5349135169762973,0.0,-340000000,0.0,384000000,384000000,2562000000,-32000000,550000000,1652000000,0.35276532137518685,1102000000,0.23531923980354474,57000000,1990000000,0.4249412769592142,-703000000,1412000000,0.3015161221439248,2.76,2.76,839000000,839000000,https://www.sec.gov/Archives/edgar/data/797468/000079746807000113/0000797468-07-000113-index.htm,https://www.sec.gov/Archives/edgar/data/797468/000079746807000113/form10q-20072q.htm
2007-03-31,OXY,2007-05-03,2007-05-02 18:54:09,Q1,4704000000,2078000000,2626000000,0.5582482993197279,0.0,340000000,0.0,340000000,340000000,2418000000,-217000000,588000000,1800000000,0.3826530612244898,1212000000,0.2576530612244898,184000000,1912000000,0.4064625850340136,703000000,1212000000,0.2576530612244898,1.44,1.44,841000000,841000000,https://www.sec.gov/Archives/edgar/data/797468/000079746807000041/0000797468-07-000041-index.htm,https://www.sec.gov/Archives/edgar/data/797468/000079746807000041/form10q-20071q.htm
2006-12-31,OXY,2007-02-27,2007-02-27 13:31:02,FY,128000000,0.0,128000000,1.0,0.0,283000000,0.0,283000000,283000000,283000000,-478000000,565000000,4747000000,37.0859375,4182000000,32.671875,128000000,-633000000,-4.9453125,-231000000,4182000000,32.671875,0.0,0.0,854000000,854000000,https://www.sec.gov/Archives/edgar/data/797468/000079746807000027/0000797468-07-000027-index.htm,https://www.sec.gov/Archives/edgar/data/797468/000079746807000027/form10k-2006.htm
2006-09-30,OXY,2006-11-03,2006-11-03 13:24:36,Q3,4603000000,2098000000,2505000000,0.5442102976319791,0.0,348000000,0.0,348000000,348000000,2446000000,-62000000,524000000,1683000000,0.36563111014555727,1159000000,0.2517923093634586,75000000,2013000000,0.4373234846839018,886000000,1168000000,0.2537475559417771,4.11,4.11,854000000,854000000,https://www.sec.gov/Archives/edgar/data/797468/000079746806000145/0000797468-06-000145-index.htm,https://www.sec.gov/Archives/edgar/data/797468/000079746806000145/form10q-20063q.htm
2006-06-30,OXY,2006-08-07,2006-08-07 14:57:08,Q2,4515000000,2084000000,2431000000,0.5384274640088593,0.0,315000000,0.0,315000000,315000000,2399000000,-72000000,473000000,1612000000,0.35703211517165007,1139000000,0.2522702104097453,74000000,1985000000,0.43964562569213733,854000000,857000000,0.18981173864894796,5.51,5.51,378584392,378584392,https://www.sec.gov/Archives/edgar/data/797468/000079746806000117/0000797468-06-000117-index.htm,https://www.sec.gov/Archives/edgar/data/797468/000079746806000117/form10q-20062q.htm
2006-03-31,OXY,2006-05-04,2006-05-03 19:39:01,Q1,4627000000,1989000000,2638000000,0.5701318348822131,0.0,376000000,0.0,376000000,376000000,2365000000,-68000000,480000000,1696000000,0.366544197103955,1216000000,0.26280527339528853,54000000,2116000000,0.45731575534903823,932000000,1229000000,0.2656148692457316,2.87,2.87,428222996,428222996,https://www.sec.gov/Archives/edgar/data/797468/000079746806000060/0000797468-06-000060-index.htm,https://www.sec.gov/Archives/edgar/data/797468/000079746806000060/form10q-20061q.htm
2005-12-31,OXY,2006-03-01,2006-03-01 14:08:01,FY,4391000000,4993000000,-602000000,-0.13709861079480756,0.0,1415000000,0.0,272000000,272000000,-4721000000,-61000000,409000000,1557000000,0.3545889319061717,1148000000,0.2614438624459121,61000000,1875000000,0.4270097927579139,-1256000000,1152000000,0.2623548166704623,13.09,13.09,403437738,403437738,https://www.sec.gov/Archives/edgar/data/797468/000079746806000031/0000797468-06-000031-index.htm,https://www.sec.gov/Archives/edgar/data/797468/000079746806000031/form10k-2005.htm
2005-09-30,OXY,2005-11-03,2005-11-03 14:42:26,Q2,4834000000,1833000000,3001000000,0.6208109226313612,0.0,0.0,0.0,543000000,543000000,2376000000,-96000000,376000000,2118000000,0.4381464625568887,1742000000,0.3603640877120397,54000000,2297000000,0.47517583781547373,611000000,1747000000,0.36139842780306164,10.26,10.26,402436647,402436647,https://www.sec.gov/Archives/edgar/data/797468/000079746805000157/0000797468-05-000157-index.htm,https://www.sec.gov/Archives/edgar/data/797468/000079746805000157/form10q-3q05.htm
