date,symbol,fillingDate,acceptedDate,period,revenue,costOfRevenue,grossProfit,grossProfitRatio,researchAndDevelopmentExpenses,generalAndAdministrativeExpenses,sellingAndMarketingExpenses,otherExpenses,operatingExpenses,costAndExpenses,interestExpense,depreciationAndAmortization,ebitda,ebitdaratio,operatingIncome,operatingIncomeRatio,totalOtherIncomeExpensesNet,incomeBeforeTax,incomeBeforeTaxRatio,incomeTaxExpense,netIncome,netIncomeRatio,eps,epsdiluted,weightedAverageShsOut,weightedAverageShsOutDil,link,finalLink
2020-03-29,PFE,2020-05-07,2020-05-07 10:42:57,Q1,12028000000,2378000000,9650000000,0.8022946458264051,1724000000,0.0,2873000000,0.0,4597000000,6975000000,0.0,885000000,4295000000,0.35708347189890255,3410000000,0.28350515463917525,221000000,3885000000,0.3229963418689724,475000000,3410000000,0.28350515463917525,0.61,0.61,5590163934,5590163934,https://www.sec.gov/Archives/edgar/data/78003/000007800320000037/0000078003-20-000037-index.htm,https://www.sec.gov/Archives/edgar/data/78003/000007800320000037/pfe-03292020x10q.htm
2019-12-31,PFE,2020-02-27,2020-02-27 14:15:12,FY,12688000000,2608000000,10080000000,0.7944514501891551,2823000000,4240000000,4240000000,0.0,7063000000,9671000000,416000000,1384000000,1057000000,0.08330706179066835,-327000000,-0.02577238335435057,3041000000,-1508000000,-0.11885245901639344,-1182000000,-326000000,-0.02569356872635561,-0.06,-0.05,5569000000,5675000000,https://www.sec.gov/Archives/edgar/data/78003/000007800320000014/0000078003-20-000014-index.htm,https://www.sec.gov/Archives/edgar/data/78003/000007800320000014/pfe-12312019x10kshell.htm
2019-09-29,PFE,2019-11-07,2019-11-07 15:55:42,Q3,12680000000,2602000000,10078000000,0.794794952681388,2283000000,3260000000,10108000000,0.0,5543000000,8145000000,408000000,1553000000,12280000000,0.968454258675,10727000000,0.845977917981,527000000,10727000000,0.845977917981,3047000000,7680000000,0.605678233438,1.39,1.36,5581000000,5690000000,https://www.sec.gov/Archives/edgar/data/78003/000007800319000082/0000078003-19-000082-index.htm,https://www.sec.gov/Archives/edgar/data/78003/000007800319000082/pfe-09292019x10q.htm
2019-06-30,PFE,2019-08-08,2019-08-08 16:23:48,Q2,13264000000,2576000000,10688000000,0.8057901085645356,1841000000,3511000000,2000000.0,0.0,5352000000,7928000000,389000000,1528000000,5668000000,0.427322074789,4140000000,0.312123039807,10000000,4140000000,0.312123039807,-914000000,5045000000,0.380352834741,0.9,0.88,5598000000,5711000000,https://www.sec.gov/Archives/edgar/data/78003/000007800319000064/0000078003-19-000064-index.htm,https://www.sec.gov/Archives/edgar/data/78003/000007800319000064/pfe-06302019x10q.htm
2019-03-31,PFE,2019-05-09,2019-05-09 16:09:55,Q1,13118000000,2433000000,10685000000,0.8145296539106571,1703000000,3339000000,3339000000,0.0,5042000000,7475000000,361000000,1545000000,5868000000,0.447324287239,4323000000,0.329547187071,92000000,4323000000,0.329547187071,433000000,3884000000,0.296081719774,0.69,0.68,5635000000,5750000000,https://www.sec.gov/Archives/edgar/data/78003/000007800319000026/0000078003-19-000026-index.htm,https://www.sec.gov/Archives/edgar/data/78003/000007800319000026/pfe-03312019x10q.htm
2018-12-31,PFE,2019-02-28,2019-02-28 14:35:32,FY,13977000000,3075000000,10902000000,0.7799957072333119,2457000000,4007000000,4007000000,0.0,6464000000,9539000000,370000000,1641000000,695000000,0.0497245474708,-383000000,-0.02740216069256636,3259000000,-946000000,-0.06768262144952422,-564000000,-382000000,-0.027330614581097517,-0.06,-0.05,5872000000,5977000000,https://www.sec.gov/Archives/edgar/data/78003/000007800319000015/0000078003-19-000015-index.htm,https://www.sec.gov/Archives/edgar/data/78003/000007800319000015/pfe-12312018x10kshell.htm
2018-09-30,PFE,2018-11-08,2018-11-08 16:42:41,Q3,13297000000,2694000000,10603000000,0.7973979093028503,2009000000,3494000000,3494000000,0.0,5503000000,8197000000,311000000,1614000000,5791000000,0.435511769572,4177000000,0.314131006994,-415000000,4177000000,0.314131006994,66000000,4114000000,0.309393096187,0.7,0.68,5899000000,5998000000,https://www.sec.gov/Archives/edgar/data/78003/000007800318000091/0000078003-18-000091-index.htm,https://www.sec.gov/Archives/edgar/data/78003/000007800318000091/pfe-09302018x10q.htm
2018-07-01,PFE,2018-08-09,2018-08-09 16:29:29,Q2,13467000000,2916000000,10551000000,0.7834707061706393,1797000000,3542000000,3542000000,0.0,5339000000,8255000000,325000000,1562000000,6089000000,0.452142273706,4527000000,0.336155045667,-550000000,4527000000,0.336155045667,648000000,3871000000,0.287443380114,0.66,0.65,5911000000,6004000000,https://www.sec.gov/Archives/edgar/data/78003/000007800318000070/0000078003-18-000070-index.htm,https://www.sec.gov/Archives/edgar/data/78003/000007800318000070/pfe-07012018x10q.htm
2018-04-01,PFE,2018-05-10,2018-05-10 13:32:01,Q1,12906000000,2563000000,10343000000,0.8014101968076863,1743000000,3412000000,3412000000,0.0,5155000000,7718000000,310000000,1567000000,5694000000,0.441190144119,4127000000,0.319773748644,-178000000,4127000000,0.319773748644,556000000,3561000000,0.275918177592,0.6,0.59,5957000000,6057000000,https://www.sec.gov/Archives/edgar/data/78003/000007800318000045/0000078003-18-000045-index.htm,https://www.sec.gov/Archives/edgar/data/78003/000007800318000045/pfe-04012018x10q.htm
2017-12-31,PFE,2018-02-22,2018-02-22 15:42:15,FY,13703000000,3260000000,10443000000,0.76209589141064,2311000000,4551000000,4551000000,0.0,6862000000,10122000000,330000000,1574000000,2528000000,0.184485149237,954000000,0.0696197912866,1331000000,954000000,0.0696197912866,-11336000000,12274000000,0.895716266511,2.06,2.03,5970000000,6058000000,https://www.sec.gov/Archives/edgar/data/78003/000007800318000027/0000078003-18-000027-index.htm,https://www.sec.gov/Archives/edgar/data/78003/000007800318000027/pfe-12312017x10kshell.htm
2017-10-01,PFE,2017-11-09,2017-11-09 16:04:36,Q3,13168000000,2846000000,10322000000,0.7838699878493317,1859000000,3500000000,3500000000,0.0,5359000000,8205000000,319000000,1566000000,5150000000,0.39109963548,3584000000,0.272174969623,52000000,3584000000,0.272174969623,727000000,2840000000,0.21567436209,0.47,0.47,5972000000,6057000000,https://www.sec.gov/Archives/edgar/data/78003/000007800317000049/0000078003-17-000049-index.htm,https://www.sec.gov/Archives/edgar/data/78003/000007800317000049/pfe-10012017x10q.htm
2017-07-02,PFE,2017-08-10,2017-08-10 16:09:11,Q2,12896000000,2664000000,10232000000,0.793424317617866,1779000000,3425000000,3425000000,0.0,5204000000,7868000000,312000000,1574000000,5390000000,0.417959057072,3816000000,0.295905707196,-67000000,3816000000,0.295905707196,739000000,3073000000,0.238290942928,0.52,0.51,5982000000,6065000000,https://www.sec.gov/Archives/edgar/data/78003/000007800317000039/0000078003-17-000039-index.htm,https://www.sec.gov/Archives/edgar/data/78003/000007800317000039/pfe-07022017x10q.htm
2017-04-02,PFE,2017-05-11,2017-05-11 16:20:31,Q1,12779000000,2470000000,10309000000,0.8067141403865717,1708000000,3308000000,3308000000,0.0,5016000000,7486000000,309000000,1555000000,5506000000,0.430863134831,3951000000,0.309179121997,-1000000.0,3951000000,0.309179121997,821000000,3121000000,0.244228812896,0.52,0.51,6006000000,6092000000,https://www.sec.gov/Archives/edgar/data/78003/000007800317000024/0000078003-17-000024-index.htm,https://www.sec.gov/Archives/edgar/data/78003/000007800317000024/pfe-04022017x10q.htm
2016-12-31,PFE,2017-02-23,2017-02-23 16:30:32,FY,13628000000,3218000000,10410000000,0.7638685060170238,2512000000,4423000000,4423000000,0.0,6935000000,10153000000,297000000,1549000000,2325000000,0.170604637511,776000000,0.0569415908424,840000000,776000000,0.0569415908424,-71000000,860000000,0.0631053712944,0.14,0.14,6089000000,6159000000,https://www.sec.gov/Archives/edgar/data/78003/000007800317000014/0000078003-17-000014-index.htm,https://www.sec.gov/Archives/edgar/data/78003/000007800317000014/pfe-12312016x10kshell.htm
2016-10-02,PFE,2016-11-10,2016-11-10 17:15:16,Q3,13044000000,3085000000,9959000000,0.7634927936215885,1882000000,3558000000,3558000000,0.0,5440000000,8525000000,291000000,1396000000,3000000000,0.229990800368,1604000000,0.122968414597,1417000000,1604000000,0.122968414597,284000000,1319000000,0.101119288562,0.22,0.21,6095000000,6164000000,https://www.sec.gov/Archives/edgar/data/78003/000007800316000113/0000078003-16-000113-index.htm,https://www.sec.gov/Archives/edgar/data/78003/000007800316000113/pfe-10022016x10q.htm
2016-07-03,PFE,2016-08-11,2016-08-11 16:59:40,Q2,13147000000,3175000000,9972000000,0.75850003803149,1747000000,3471000000,3471000000,0.0,5218000000,8393000000,292000000,1387000000,3797000000,0.28881113562,2410000000,0.183311782156,1068000000,2410000000,0.183311782156,375000000,2020000000,0.153647219898,0.33,0.33,6110000000,6176000000,https://www.sec.gov/Archives/edgar/data/78003/000007800316000105/0000078003-16-000105-index.htm,https://www.sec.gov/Archives/edgar/data/78003/000007800316000105/pfe-7032016x10q.htm
2016-04-03,PFE,2016-05-12,2016-05-12 16:53:45,Q1,13005000000,2851000000,10154000000,0.7807766243752403,1731000000,3385000000,3385000000,0.0,5116000000,7967000000,306000000,1425000000,4986000000,0.38339100346,3561000000,0.273817762399,330000000,3561000000,0.273817762399,535000000,3016000000,0.231910803537,0.49,0.49,6150000000,6214000000,https://www.sec.gov/Archives/edgar/data/78003/000007800316000096/0000078003-16-000096-index.htm,https://www.sec.gov/Archives/edgar/data/78003/000007800316000096/pfe-4032016x10q.htm
2015-12-31,PFE,2016-02-29,2016-02-29 17:26:35,FY,14047000000,3410000000,10637000000,0.7572435395458105,2348000000,5048000000,5048000000,0.0,7396000000,10806000000,335000000,1424000000,1070000000,0.076172848295,-166000000,-0.011817469922403361,2190000000,-354000000,-0.025201110557414395,-188000000,-166000000,-0.011817469922403361,-0.02,-0.03,6176000000,6257000000,https://www.sec.gov/Archives/edgar/data/78003/000007800316000077/0000078003-16-000077-index.htm,https://www.sec.gov/Archives/edgar/data/78003/000007800316000077/pfe-12312015x10kshell.htm
2015-09-27,PFE,2015-11-05,2015-11-05 17:15:15,Q3,12087000000,2220000000,9867000000,0.8163315959295111,1722000000,3270000000,3270000000,0.0,4992000000,7212000000,277000000,1272000000,3970000000,0.328452055928,2698000000,0.223215024406,661000000,2698000000,0.223215024406,568000000,2130000000,0.176222387689,0.34,0.34,6176000000,6259000000,https://www.sec.gov/Archives/edgar/data/78003/000007800315000051/0000078003-15-000051-index.htm,https://www.sec.gov/Archives/edgar/data/78003/000007800315000051/pfe-9272015x10q.htm
2015-06-28,PFE,2015-08-06,2015-08-06 16:29:04,Q2,11853000000,2180000000,9673000000,0.8160803172192694,1735000000,3387000000,3387000000,0.0,5122000000,7302000000,278000000,1201000000,4740000000,0.399898759808,3539000000,0.298574200624,55000000,3539000000,0.298574200624,904000000,2626000000,0.221547287607,0.43,0.42,6181000000,6267000000,https://www.sec.gov/Archives/edgar/data/78003/000007800315000034/0000078003-15-000034-index.htm,https://www.sec.gov/Archives/edgar/data/78003/000007800315000034/pfe-6282015x10q.htm
2015-03-29,PFE,2015-05-07,2015-05-07 15:26:29,Q1,10864000000,1838000000,9026000000,0.8308173784977909,1885000000,3104000000,3104000000,0.0,4989000000,6827000000,309000000,1260000000,4342000000,0.399668630339,3082000000,0.283689248895,-46000000,3082000000,0.283689248895,706000000,2376000000,0.218703976436,0.38,0.38,6203000000,6292000000,https://www.sec.gov/Archives/edgar/data/78003/000007800315000026/0000078003-15-000026-index.htm,https://www.sec.gov/Archives/edgar/data/78003/000007800315000026/pfe-3292015x10q.htm
2014-12-31,PFE,2015-02-27,2015-02-27 16:38:16,FY,13118000000,2702000000,10416000000,0.7940234791889007,3209000000,3981000000,1000000.0,0.0,7190000000,9892000000,353000000,1331000000,3134000000,0.238908370178,1803000000,0.137444732429,1000000.0,1803000000,0.137444732429,545000000,1228000000,0.0936118310718,0.2,0.19,6346000000,6424000000,https://www.sec.gov/Archives/edgar/data/78003/000007800315000014/0000078003-15-000014-index.htm,https://www.sec.gov/Archives/edgar/data/78003/000007800315000014/pfe-12312014x10kshell.htm
2014-09-28,PFE,2014-11-06,2014-11-06 17:03:56,Q3,12361000000,2368000000,9993000000,0.8084297386942804,1802000000,3556000000,3556000000,0.0,5358000000,7726000000,343000000,1326000000,4913000000,0.397459752447,3587000000,0.290186878084,95000000,3587000000,0.290186878084,911000000,2666000000,0.215678343176,0.42,0.42,6363000000,6441000000,https://www.sec.gov/Archives/edgar/data/78003/000007800314000046/0000078003-14-000046-index.htm,https://www.sec.gov/Archives/edgar/data/78003/000007800314000046/pfe-9282014x10q.htm
2014-06-29,PFE,2014-08-07,2014-08-07 16:56:04,Q2,12773000000,2462000000,10311000000,0.8072496672668911,1759000000,3520000000,3520000000,0.0,5279000000,7741000000,343000000,1424000000,5427000000,0.424880607532,4003000000,0.313395443514,570000000,4003000000,0.313395443514,1082000000,2912000000,0.227980897205,0.46,0.45,6379000000,6460000000,https://www.sec.gov/Archives/edgar/data/78003/000007800314000039/0000078003-14-000039-index.htm,https://www.sec.gov/Archives/edgar/data/78003/000007800314000039/pfe-6292014x10q.htm
2014-03-30,PFE,2014-05-08,2014-05-08 17:17:01,Q1,11353000000,2045000000,9308000000,0.8198713996300537,1623000000,3040000000,3040000000,0.0,4663000000,6708000000,321000000,1456000000,4303000000,0.379018761561,2847000000,0.250770721395,0.0,2847000000,0.250770721395,582000000,2329000000,0.205144014798,0.36,0.36,6389000000,6476000000,https://www.sec.gov/Archives/edgar/data/78003/000007800314000030/0000078003-14-000030-index.htm,https://www.sec.gov/Archives/edgar/data/78003/000007800314000030/pfe-3302014x10q.htm
2013-12-31,PFE,2014-02-28,2014-02-28 16:38:15,FY,13558000000,2794000000,10764000000,0.7939224074347249,1811000000,4152000000,19000000,0.0,5963000000,8757000000,347000000,1592000000,4653000000,0.343192211241,3061000000,0.225770762649,0.0,3061000000,0.225770762649,430000000,2568000000,0.189408467326,0.43,0.42,6813000000,6895000000,https://www.sec.gov/Archives/edgar/data/78003/000007800314000018/0000078003-14-000018-index.htm,https://www.sec.gov/Archives/edgar/data/78003/000007800314000018/pfe-12312013x10k.htm
2013-09-29,PFE,2013-11-08,2013-11-08 15:43:52,Q3,12643000000,2287000000,10356000000,0.8191093885944791,1627000000,3395000000,3395000000,0.0,5022000000,7309000000,340000000,1521000000,5094000000,0.402910701574,3573000000,0.282606976192,411000000,3573000000,0.282606976192,985000000,2590000000,0.2048564423,0.43,0.43,6938000000,7016000000,https://www.sec.gov/Archives/edgar/data/78003/000007800313000029/0000078003-13-000029-index.htm,https://www.sec.gov/Archives/edgar/data/78003/000007800313000029/pfe-9292013x10q.htm
2013-06-30,PFE,2013-08-09,2013-08-09 16:59:14,Q2,11883000000,1853000000,10030000000,0.844062947067239,1440000000,3223000000,3223000000,0.0,4663000000,6516000000,336000000,1523000000,6684000000,0.562484221156,5161000000,0.434317933182,-925000000,5161000000,0.434317933182,1731000000,14095000000,1.18614827905,1.99,1.96,7115000000,7185000000,https://www.sec.gov/Archives/edgar/data/78003/000007800313000017/0000078003-13-000017-index.htm,https://www.sec.gov/Archives/edgar/data/78003/000007800313000017/pfe-6302013x10q.htm
2013-03-31,PFE,2013-05-10,2013-05-09 20:03:04,Q1,13500000000,2652000000,10848000000,0.8035555555555556,1800000000,3585000000,3585000000,0.0,5385000000,8037000000,391000000,1774000000,5695000000,0.421851851852,3921000000,0.290444444444,0.0,3921000000,0.290444444444,1160000000,2750000000,0.203703703704,0.38,0.38,7187000000,7269000000,https://www.sec.gov/Archives/edgar/data/78003/000007800313000013/0000078003-13-000013-index.htm,https://www.sec.gov/Archives/edgar/data/78003/000007800313000013/pfe-3312013x10q.htm
2012-12-31,PFE,2013-02-28,2013-02-28 16:57:54,FY,15068000000,3172000000,11896000000,0.7894876559596495,2136000000,4815000000,20000000,0.0,6951000000,10123000000,373000000,1895000000,4065000000,0.269777010884,2170000000,0.144013804088,0.0,2170000000,0.144013804088,680000000,6315000000,0.419100079639,0.86,0.85,7442000000,7508000000,https://www.sec.gov/Archives/edgar/data/78003/000007800313000006/0000078003-13-000006-index.htm,https://www.sec.gov/Archives/edgar/data/78003/000007800313000006/pfe-12312012x10k.htm
2012-09-30,PFE,2012-11-09,2012-11-09 13:39:54,Q3,13976000000,2665000000,11311000000,0.809315970234688,1981000000,3847000000,8000000.0,0.0,5828000000,8493000000,382000000,1714000000,4705000000,0.336648540355,2991000000,0.214009730967,0.0,2991000000,0.214009730967,-119000000,3208000000,0.229536348025,0.43,0.42,7483000000,7550000000,https://www.sec.gov/Archives/edgar/data/78003/000007800312000008/0000078003-12-000008-index.htm,https://www.sec.gov/Archives/edgar/data/78003/000007800312000008/pfe-9302012x10q.htm
2012-07-01,PFE,2012-08-09,2012-08-09 17:26:18,Q2,14537000000,2523000000,12014000000,0.8264428699181399,1681000000,3821000000,6000000.0,0.0,4082000000,6605000000,379000000,1750000000,6116000000,0.420719543235,4366000000,0.300337070922,0.0,4366000000,0.300337070922,1251000000,3253000000,0.223773818532,0.43,0.43,7506000000,7570000000,https://www.sec.gov/Archives/edgar/data/78003/000115752312004450/0001157523-12-004450-index.htm,https://www.sec.gov/Archives/edgar/data/78003/000115752312004450/a50368790.htm
2012-04-01,PFE,2012-05-10,2012-05-10 17:19:13,Q1,15405000000,2974000000,12431000000,0.8069457968192145,2072000000,4133000000,2000000.0,0.0,7625000000,10599000000,390000000,2252000000,4805000000,0.311911716975,2553000000,0.165725413827,0.0,2553000000,0.165725413827,750000000,1794000000,0.116455696203,0.24,0.24,7537000000,7598000000,https://www.sec.gov/Archives/edgar/data/78003/000115752312002789/0001157523-12-002789-index.htm,https://www.sec.gov/Archives/edgar/data/78003/000115752312002789/a50269079.htm
2011-12-31,PFE,2012-02-28,2012-02-28 17:07:08,FY,16746000000,3908000000,12838000000,0.7666308372148573,2596000000,5371000000,5371000000,0.0,9384000000,13292000000,396000000,2370000000,4663000000,0.278454556312,2293000000,0.136928221665,0.0,2293000000,0.136928221665,800000000,1439000000,0.0859309685895,0.19,0.19,7817000000,7870000000,https://www.sec.gov/Archives/edgar/data/78003/000119312512085703/0001193125-12-085703-index.htm,https://www.sec.gov/Archives/edgar/data/78003/000119312512085703/d278590d10k.htm
2011-10-02,PFE,2011-11-10,2011-11-10 16:50:30,Q3,17193000000,3679000000,13514000000,0.7860175652881987,2188000000,4621000000,4621000000,0.0,8206000000,11885000000,423000000,2247000000,5916000000,0.344093526435,3669000000,0.213400802652,0.0,3669000000,0.213400802652,1235000000,3738000000,0.217414063863,0.48,0.47,7877000000,7925000000,https://www.sec.gov/Archives/edgar/data/78003/000115752311006714/0001157523-11-006714-index.htm,https://www.sec.gov/Archives/edgar/data/78003/000115752311006714/a50063064.htm
2011-07-03,PFE,2011-08-11,2011-08-11 15:51:15,Q2,33486000000,7498000000,25988000000,0.7760855282804754,4328000000,9476000000,4973000000,0.0,16575000000,24073000000,862000000,4409000000,11209000000,0.334736904975,6800000000,0.203069939676,0.0,6800000000,0.203069939676,1988000000,4832000000,0.144299110076,0.61,0.61,7929000000,7980000000,https://www.sec.gov/Archives/edgar/data/78003/000115752311004964/0001157523-11-004964-index.htm,https://www.sec.gov/Archives/edgar/data/78003/000115752311004964/a6825454.htm
2011-04-03,PFE,2011-05-12,2011-05-12 15:48:27,Q1,16502000000,3693000000,12809000000,0.7762089443703794,2091000000,0.0,4503000000,0.0,6594000000,10287000000,0.0,2104000000,4328000000,0.2622712398497152,2224000000,0.1347715428432917,0.0,3118000000,0.18894679432796024,894000000,2224000000,0.1347715428432917,0.0,0.0,0.0,0.0,https://www.sec.gov/Archives/edgar/data/78003/000115752311003088/0001157523-11-003088-index.htm,https://www.sec.gov/Archives/edgar/data/78003/000115752311003088/a6715256.htm
2010-12-31,PFE,2011-02-28,2011-02-28 10:00:55,FY,17561000000,4282000000,13279000000,0.7561642275496839,-6607000000,0.0,5738000000,0.0,-869000000,3413000000,0.0,1994000000,6021000000,0.3428620238027447,4027000000,0.22931495928477877,0.0,829000000,0.04720687887933489,-2074000000,2903000000,0.16530949262570468,0.0,0.0,8045000000,8079000000,https://www.sec.gov/Archives/edgar/data/78003/000119312511048877/0001193125-11-048877-index.htm,https://www.sec.gov/Archives/edgar/data/78003/000119312511048877/d10k.htm
2010-10-03,PFE,2010-11-12,2010-11-12 10:11:48,Q3,16171000000,3896000000,12275000000,0.7590748871436522,2194000000,0.0,4633000000,0.0,6827000000,10723000000,0.0,2229000000,3105000000,0.1920103889679055,876000000,0.05417104693587286,0.0,1440000000,0.08904829633294169,564000000,876000000,0.05417104693587286,0.0,0.0,8053000000,8085000000,https://www.sec.gov/Archives/edgar/data/78003/000115752310006832/0001157523-10-006832-index.htm,https://www.sec.gov/Archives/edgar/data/78003/000115752310006832/a6505300.htm
2010-07-04,PFE,2010-08-12,2010-08-12 16:54:27,Q2,17327000000,3795000000,13532000000,0.780977664916027,2187000000,0.0,4807000000,0.0,6994000000,10789000000,0.0,2213000000,4699000000,0.271195244416229,2486000000,0.14347550066370404,-414000000,3974000000,0.22935303283892192,1488000000,2486000000,0.14347550066370404,0.0,0.0,8061000000,8101000000,https://www.sec.gov/Archives/edgar/data/78003/000115752310005034/0001157523-10-005034-index.htm,https://www.sec.gov/Archives/edgar/data/78003/000115752310005034/a6393130.htm
2010-04-04,PFE,2010-05-13,2010-05-13 16:44:46,Q1,16750000000,4306000000,12444000000,0.7429253731343284,2226000000,0.0,4436000000,0.0,6662000000,10968000000,0.0,2051000000,4084000000,0.24382089552238806,2033000000,0.12137313432835821,414000000,3179000000,0.1897910447761194,1146000000,2033000000,0.12137313432835821,0.0,0.0,0.0,0.0,https://www.sec.gov/Archives/edgar/data/78003/000115752310003143/0001157523-10-003143-index.htm,https://www.sec.gov/Archives/edgar/data/78003/000115752310003143/a6285704.htm
2009-12-31,PFE,2010-02-26,2010-02-26 13:43:14,FY,16537000000,3935000000,12602000000,0.7620487391909052,-5032000000,0.0,5367000000,0.0,335000000,4270000000,0.0,1774000000,4730000000,0.28602527665235533,2956000000,0.17875068029267702,117000000,4000000.0,0.00024188184072080788,-755000000,759000000,0.0458970792767733,0.0,0.0,6727000000,6758000000,https://www.sec.gov/Archives/edgar/data/78003/000119312510042425/0001193125-10-042425-index.htm,https://www.sec.gov/Archives/edgar/data/78003/000119312510042425/d10k.htm
2009-09-27,PFE,2009-11-05,2009-11-05 17:15:33,Q3,11621000000,1789000000,9832000000,0.8460545564065055,1632000000,0.0,3282000000,0.0,4914000000,6703000000,0.0,2983000000,5862000000,0.5044316323896394,2879000000,0.2477411582479993,160000000,3971000000,0.34170897513122794,1092000000,2879000000,0.2477411582479993,1.17,1.17,6727000000,6758000000,https://www.sec.gov/Archives/edgar/data/78003/000115752309007794/0001157523-09-007794-index.htm,https://www.sec.gov/Archives/edgar/data/78003/000115752309007794/a6090863.htm
2009-06-28,PFE,2009-08-06,2009-08-06 17:20:32,Q2,10984000000,1756000000,9228000000,0.8401310997815004,1695000000,0.0,3350000000,0.0,5045000000,6801000000,0.0,-1008000000,1255000000,0.1142571012381646,2263000000,0.20602694828841953,72000000,3049000000,0.27758557902403497,786000000,2263000000,0.20602694828841953,0.74,0.74,6726000000,6752000000,https://www.sec.gov/Archives/edgar/data/78003/000115752309005774/0001157523-09-005774-index.htm,https://www.sec.gov/Archives/edgar/data/78003/000115752309005774/a6022539.htm
2009-03-29,PFE,2009-05-08,2009-05-08 14:50:28,Q1,10867000000,1408000000,9459000000,0.8704334222876599,1705000000,0.0,2876000000,0.0,4581000000,5989000000,0.0,1008000000,3737000000,0.3438851568970277,2729000000,0.2511272660347842,-57000000,3803000000,0.34995859022729364,1074000000,2729000000,0.2511272660347842,0.41,0.41,6723000000,6753000000,https://www.sec.gov/Archives/edgar/data/78003/000115752309003663/0001157523-09-003663-index.htm,https://www.sec.gov/Archives/edgar/data/78003/000115752309003663/a5959163.htm
2008-12-31,PFE,2009-02-27,2009-02-27 12:59:38,FY,12346000000,1715000000,10631000000,0.8610886116960959,2303000000,0.0,3659000000,0.0,5962000000,7677000000,0.0,5090000000,5316000000,0.4305848047950753,226000000,0.018305524056374534,1811000000,625000000,0.05062368378422161,394000000,266000000,0.02154543981856472,1.19,1.19,6727000000,6727000000,https://www.sec.gov/Archives/edgar/data/78003/000119312509040568/0001193125-09-040568-index.htm,https://www.sec.gov/Archives/edgar/data/78003/000119312509040568/d10k.htm
2008-09-28,PFE,2008-11-07,2008-11-07 12:11:08,Q3,11973000000,2122000000,9851000000,0.8227678944291322,1885000000,0.0,3523000000,0.0,5408000000,7530000000,0.0,0.0,2253000000,0.18817339012778753,2253000000,0.18817339012778753,721000000,2722000000,0.22734485926668338,463000000,2278000000,0.19026142153177983,1.16,1.16,6730000000,6750000000,https://www.sec.gov/Archives/edgar/data/78003/000007800308000285/0000078003-08-000285-index.htm,https://www.sec.gov/Archives/edgar/data/78003/000007800308000285/q3-08pfe1.htm
2008-06-29,PFE,2008-08-08,2008-08-08 13:34:18,Q2,12129000000,2289000000,9840000000,0.8112787534009399,1966000000,0.0,3863000000,0.0,5829000000,8118000000,0.0,-1487000000,1272000000,0.10487261934207272,2759000000,0.22747134965784482,-167000000,2790000000,0.23002720751916894,25000000,2776000000,0.22887294913018386,0.82,0.82,6736000000,6754000000,https://www.sec.gov/Archives/edgar/data/78003/000007800308000199/0000078003-08-000199-index.htm,https://www.sec.gov/Archives/edgar/data/78003/000007800308000199/q208pfe1.htm
2008-03-30,PFE,2008-05-02,2008-05-02 14:24:41,Q1,11848000000,1986000000,9862000000,0.8323767724510466,1791000000,0.0,3492000000,0.0,5283000000,7269000000,0.0,1487000000,4275000000,0.36082039162727886,2788000000,0.2353139770425388,-333000000,3557000000,0.30021944632005404,763000000,2784000000,0.2349763673193788,0.41,0.41,6739000000,6762000000,https://www.sec.gov/Archives/edgar/data/78003/000007800308000103/0000078003-08-000103-index.htm,https://www.sec.gov/Archives/edgar/data/78003/000007800308000103/q1-08pfe1.htm
2007-12-31,PFE,2008-02-29,2008-02-29 15:05:57,FY,12870000000,2625000000,10245000000,0.796037296037296,2260000000,0.0,4653000000,0.0,6913000000,9538000000,0.0,1116000000,-4389000000,-0.34102564102564104,-5505000000,-0.42773892773892774,-610000000,2970000000,0.23076923076923078,223000000,2724000000,0.21165501165501166,1.19,1.19,6917000000,6917000000,https://www.sec.gov/Archives/edgar/data/78003/000093041308001360/0000930413-08-001360-index.htm,https://www.sec.gov/Archives/edgar/data/78003/000093041308001360/c52104_10-k.htm
2007-09-30,PFE,2007-11-05,2007-11-05 15:13:06,Q3,11990000000,4618000000,7372000000,0.6148457047539616,1999000000,0.0,3768000000,0.0,5767000000,10385000000,0.0,1372000000,2168000000,0.18081734778982486,796000000,0.06638865721434528,-260000000,636000000,0.0530442035029191,-161000000,761000000,0.06346955796497081,0.79,0.79,6964000000,6986000000,https://www.sec.gov/Archives/edgar/data/78003/000007800307000311/0000078003-07-000311-index.htm,https://www.sec.gov/Archives/edgar/data/78003/000007800307000311/q3-07pfe1.htm
2007-07-01,PFE,2007-08-06,2007-08-06 15:54:12,Q2,11084000000,2109000000,8975000000,0.8097257307831108,2165000000,0.0,3844000000,0.0,6009000000,8118000000,0.0,1441000000,2786000000,0.2513533020570191,1345000000,0.12134608444604836,-487000000,1619000000,0.14606640202093107,272000000,1267000000,0.1143089137495489,0.67,0.67,7009000000,7033000000,https://www.sec.gov/Archives/edgar/data/78003/000007800307000195/0000078003-07-000195-index.htm,https://www.sec.gov/Archives/edgar/data/78003/000007800307000195/q2-07pfe1.htm
2007-04-01,PFE,2007-05-04,2007-05-04 16:58:54,Q1,12474000000,1887000000,10587000000,0.8487253487253488,1665000000,0.0,3361000000,0.0,5026000000,6913000000,0.0,1271000000,4632000000,0.37133237133237135,3361000000,0.2694404361071028,-402000000,4053000000,0.32491582491582494,689000000,3392000000,0.2719256052589386,0.48,0.48,7051000000,7075000000,https://www.sec.gov/Archives/edgar/data/78003/000007800307000108/0000078003-07-000108-index.htm,https://www.sec.gov/Archives/edgar/data/78003/000007800307000108/q1-07pfe1.htm
2006-12-31,PFE,2007-03-01,2007-02-28 18:17:54,FY,12603000000,2217000000,10386000000,0.8240895024994049,2412000000,0.0,4562000000,0.0,6974000000,9191000000,0.0,0.0,-9102000000,-0.7222089978576529,-9102000000,-0.7222089978576529,54000000,1714000000,0.13599936523050069,223000000,9449000000,0.749742124890899,1.52,1.52,7242.0,7242.0,https://www.sec.gov/Archives/edgar/data/78003/000093041307001807/0000930413-07-001807-index.htm,https://www.sec.gov/Archives/edgar/data/78003/000093041307001807/c46660_10k.htm
2006-10-01,PFE,2006-11-03,2006-11-03 17:23:13,Q3,12280000000,1962000000,10318000000,0.8402280130293159,1902000000,0.0,3751000000,0.0,5653000000,7615000000,0.0,0.0,3239000000,0.26376221498371333,3239000000,0.26376221498371333,-343000000,3961000000,0.322557003257329,717000000,3362000000,0.2737785016286645,1.31,1.31,7275000000,7306000000,https://www.sec.gov/Archives/edgar/data/78003/000007800306000292/0000078003-06-000292-index.htm,https://www.sec.gov/Archives/edgar/data/78003/000007800306000292/q3-06pfe_1.htm
2006-07-02,PFE,2006-08-11,2006-08-11 12:05:40,Q2,10828000000,1488000000,9340000000,0.8625785001847063,1697000000,0.0,3466000000,0.0,5163000000,6651000000,0.0,-1351000000,837000000,0.0772995936461027,2188000000,0.20206871074990765,-343000000,2926000000,0.2702253417066864,737000000,2415000000,0.22303287772441818,0.86,0.86,7298000000,7330000000,https://www.sec.gov/Archives/edgar/data/78003/000007800306000203/0000078003-06-000203-index.htm,https://www.sec.gov/Archives/edgar/data/78003/000007800306000203/q2-06pfe1.htm
2006-04-02,PFE,2006-05-08,2006-05-08 17:06:46,Q1,12660000000,1973000000,10687000000,0.8441548183254345,1588000000,0.0,3810000000,0.0,5398000000,7371000000,0.0,1351000000,5459000000,0.4312006319115324,4108000000,0.3244865718799368,-272000000,4427000000,0.3496840442338073,315000000,4111000000,0.32472353870458137,0.56,0.56,7314000000,7324000000,https://www.sec.gov/Archives/edgar/data/78003/000007800306000116/0000078003-06-000116-index.htm,https://www.sec.gov/Archives/edgar/data/78003/000007800306000116/q1-06pfe1.htm
2005-12-31,PFE,2006-03-01,2006-02-28 21:25:00,FY,13593000000,2345000000,11248000000,0.8274847347899654,2021000000,0.0,4755000000,0.0,6776000000,9121000000,0.0,1433000000,-3943000000,-0.29007577429559334,-5376000000,-0.39549768263076585,-322000000,3365000000,0.247553888030604,609000000,2733000000,0.20105936879276098,1.1,1.1,7361000000,7361000000,https://www.sec.gov/Archives/edgar/data/78003/000093041306001567/0000930413-06-001567-index.htm,https://www.sec.gov/Archives/edgar/data/78003/000093041306001567/c40966_10k.htm
2005-10-02,PFE,2005-11-09,2005-11-09 16:19:49,Q3,12189000000,1908000000,10281000000,0.8434654196406596,1782000000,0.0,3931000000,0.0,5713000000,7621000000,0.0,1367000000,2968000000,0.2434982361145295,1601000000,0.13134793666420544,-162000000,2198000000,0.18032652391500534,593000000,1589000000,0.13036344244810896,0.73,0.73,7372000000,7424000000,https://www.sec.gov/Archives/edgar/data/78003/000007800305000277/0000078003-05-000277-index.htm,https://www.sec.gov/Archives/edgar/data/78003/000007800305000277/q3-05pfe1.htm
2005-07-03,PFE,2005-08-08,2005-08-08 17:26:29,Q2,12425000000,2081000000,10344000000,0.8325150905432596,1875000000,0.0,4226000000,0.0,6101000000,8182000000,0.0,1410000000,4882000000,0.3929175050301811,3472000000,0.27943661971830985,-207000000,3061000000,0.24635814889336016,-413000000,3462000000,0.2786317907444668,0.51,0.51,7391000000,7445000000,https://www.sec.gov/Archives/edgar/data/78003/000007800305000213/0000078003-05-000213-index.htm,https://www.sec.gov/Archives/edgar/data/78003/000007800305000213/q2-05pfe1.htm
2005-04-03,PFE,2005-05-06,2005-05-06 15:07:41,Q1,13091000000,2191000000,10900000000,0.8326331067145367,1764000000,0.0,4085000000,0.0,5849000000,8040000000,0.0,1366000000,1638000000,0.12512413108242304,272000000,0.020777633488656327,1038000000,2910000000,0.22229012298525705,2635000000,301000000,0.02299289588266748,0.04,0.04,7416000000,7474000000,https://www.sec.gov/Archives/edgar/data/78003/000007800305000126/0000078003-05-000126-index.htm,https://www.sec.gov/Archives/edgar/data/78003/000007800305000126/q1-05pfe1.htm
2004-12-31,PFE,2005-02-28,2005-02-28 14:29:40,FY,14923000000,2356000000,12567000000,0.842122897540709,2328000000,0.0,4676000000,0.0,7004000000,9360000000,0.0,1311000000,1262000000,0.08456744622394961,-49000000,-0.0032835220800107217,613000000,3499000000,0.23447028077464316,625000000,2825000000,0.18930509951082222,1.51,1.51,7531000000,7531000000,https://www.sec.gov/Archives/edgar/data/78003/000095012305002379/0000950123-05-002379-index.htm,https://www.sec.gov/Archives/edgar/data/78003/000095012305002379/y06124e10vk.htm
2004-09-26,PFE,2004-11-05,2004-11-05 17:06:44,Q3,12831000000,1639000000,11192000000,0.8722624892837659,1887000000,0.0,4036000000,0.0,5923000000,7562000000,0.0,1265000000,1262000000,0.0983555451640558,-3000000.0,-0.00023380874444704232,285000000,3951000000,0.3079261164367547,650000000,3369000000,0.26256722001402855,1.12,1.12,7553000000,7641000000,https://www.sec.gov/Archives/edgar/data/78003/000007800304000338/0000078003-04-000338-index.htm,https://www.sec.gov/Archives/edgar/data/78003/000007800304000338/q3-04pfe1.htm
2004-06-27,PFE,2004-08-06,2004-08-06 15:45:56,Q2,12275000000,1752000000,10523000000,0.8572708757637475,1820000000,0.0,4258000000,0.0,6078000000,7830000000,0.0,1256000000,1273000000,0.10370672097759674,17000000,0.001384928716904277,-925000000,3428000000,0.2792668024439919,581000000,2836000000,0.2310386965376782,0.69,0.69,7580000000,7671000000,https://www.sec.gov/Archives/edgar/data/78003/000007800304000242/0000078003-04-000242-index.htm,https://www.sec.gov/Archives/edgar/data/78003/000007800304000242/q2-04pfe1.htm
2004-03-28,PFE,2004-05-07,2004-05-07 15:36:03,Q1,12487000000,1794000000,10693000000,0.8563305838071594,1649000000,0.0,3933000000,0.0,5582000000,7376000000,0.0,1261000000,1274000000,0.10202610715143749,13000000,0.0010410827260350765,780000000,3129000000,0.2505806038279811,809000000,2331000000,0.186674141106751,0.31,0.31,7586000000,7678000000,https://www.sec.gov/Archives/edgar/data/78003/000007800304000132/0000078003-04-000132-index.htm,https://www.sec.gov/Archives/edgar/data/78003/000007800304000132/q1-04pfe1.htm
2003-12-31,PFE,2004-03-10,2004-03-10 11:17:20,FY,14166000000,3373000000,10793000000,0.7618946773965833,2318000000,0.0,4682000000,0.0,7000000000,10373000000,0.0,1751000000,1739000000,0.12275871805732035,-12000000,-0.0008470986869970351,2455000000,951000000,0.06713257094451504,335000000,602000000,0.042496117464351266,0.22,0.22,7213.0,7213.0,https://www.sec.gov/Archives/edgar/data/78003/000095012304003064/0000950123-04-003064-index.htm,https://www.sec.gov/Archives/edgar/data/78003/000095012304003064/y94722e10vk.htm
2003-09-28,PFE,2003-11-12,2003-11-12 14:58:13,Q3,12504000000,3366000000,9138000000,0.730806142034549,1878000000,0.0,4042000000,0.0,5920000000,9286000000,0.0,1105000000,1100000000,0.08797184900831734,-5000000.0,-0.000399872040946897,508000000,2494000000,0.19945617402431223,251000000,4525000000,0.3618841970569418,0.14,0.14,7088.0,7160.0,https://www.sec.gov/Archives/edgar/data/78003/000007800303000276/0000078003-03-000276-index.htm,https://www.sec.gov/Archives/edgar/data/78003/000007800303000276/q3-03pfe1.htm
2003-06-29,PFE,2003-08-13,2003-08-13 17:20:29,Q2,9993000000,2028000000,7965000000,0.7970579405583909,1717000000,0.0,3774000000,0.0,5491000000,7519000000,0.0,953000000,953000000,0.0953667567297108,0.0,0.0,464000000,-3406000000,-0.34083858701090763,271000000,-3677000000,-0.36795757029920945,-0.18,-0.18,6777000000,6777000000,https://www.sec.gov/Archives/edgar/data/78003/000007800303000172/0000078003-03-000172-index.htm,https://www.sec.gov/Archives/edgar/data/78003/000007800303000172/q2-031pfe.htm
2003-03-30,PFE,2003-05-14,2003-05-14 17:25:44,Q1,8525000000,1065000000,7460000000,0.8750733137829912,1218000000,0.0,2744000000,0.0,3962000000,5027000000,0.0,269000000,302000000,0.03542521994134897,33000000,0.003870967741935484,183000000,3224000000,0.3781818181818182,764000000,2460000000,0.28856304985337244,0.0,0.0,6156000000,6156000000,https://www.sec.gov/Archives/edgar/data/78003/000007800303000050/0000078003-03-000050-index.htm,https://www.sec.gov/Archives/edgar/data/78003/000007800303000050/q1-03pfe.htm
2002-12-31,PFE,2003-03-27,2003-03-27 15:04:15,FY,7196000000,328000000,6868000000,0.9544191217342969,1455000000,0.0,2088000000,0.0,3543000000,3871000000,0.0,225000000,-8161000000,-1.1341022790439133,-8386000000,-1.1653696498054475,-47000000,3132000000,0.4352418010005559,628000000,9125000000,1.268065591995553,1.49,1.49,6156000000,6156000000,https://www.sec.gov/Archives/edgar/data/78003/000095012303003360/0000950123-03-003360-index.htm,https://www.sec.gov/Archives/edgar/data/78003/000095012303003360/y83976e10vk.htm
2002-09-29,PFE,2002-11-13,2002-11-13 17:12:29,Q3,8725000000,1314000000,7411000000,0.8493982808022923,1263000000,0.0,2946000000,0.0,4209000000,5523000000,0.0,275000000,3306000000,0.3789111747851003,3031000000,0.3473925501432665,56000000,3031000000,0.3473925501432665,679000000,-4330000000,-0.4962750716332378,0.0,0.0,0.0,0.0,https://www.sec.gov/Archives/edgar/data/78003/000007800302000102/0000078003-02-000102-index.htm,https://www.sec.gov/Archives/edgar/data/78003/000007800302000102/q3-02.htm
2002-06-30,PFE,2002-08-13,2002-08-13 15:47:54,Q2,8034000000,1197000000,6837000000,0.851008215085885,1257000000,0.0,2983000000,0.0,4240000000,5437000000,0.0,265000000,2741000000,0.3411750062235499,2476000000,0.3081901916853373,-45000000,2476000000,0.3081901916853373,519000000,1957000000,0.24358974358974358,0.0,0.0,0.0,0.0,https://www.sec.gov/Archives/edgar/data/78003/000007800302000069/0000078003-02-000069-index.htm,https://www.sec.gov/Archives/edgar/data/78003/000007800302000069/q2-02.htm
2002-03-31,PFE,2002-05-15,2002-05-15 16:26:08,Q1,8418000000,1206000000,7212000000,0.8567355666429081,1201000000,0.0,2829000000,0.0,4030000000,5236000000,0.0,271000000,3428000000,0.40722261819909716,3157000000,0.37502969826562127,-84000000,3157000000,0.37502969826562127,783000000,2374000000,0.28201473033974817,0.0,0.0,0.0,0.0,https://www.sec.gov/Archives/edgar/data/78003/000007800302000025/0000078003-02-000025-index.htm,https://www.sec.gov/Archives/edgar/data/78003/000007800302000025/q1-02htm.htm
2001-12-31,PFE,2002-03-28,2002-03-28 00:00:00,FY,0.0,0.0,0.0,0.0,0.0,0.0,0.0,0.0,0.0,0.0,0.0,-772000000,-772000000,0.0,0.0,0.0,0.0,0.0,0.0,0.0,0.0,0.0,1.25,1.25,0.0,0.0,https://www.sec.gov/Archives/edgar/data/78003/000095012302003116/0000950123-02-003116-index.htm,https://www.sec.gov/Archives/edgar/data/78003/000095012302003116/y58494e10-k.htm
2001-09-30,PFE,2001-11-13,2001-11-13 00:00:00,Q3,7898000000,1177000000,6721000000,0.850974930362117,1188000000,0.0,2671000000,0.0,3859000000,5036000000,0.0,250000000,2323000000,0.29412509496074957,2073000000,0.26247151177513295,-5000000.0,2754000000,0.34869587237275257,678000000,2076000000,0.26285135477336036,0.0,0.0,0.0,0.0,https://www.sec.gov/Archives/edgar/data/78003/000007800301500081/0000078003-01-500081-index.htm,https://www.sec.gov/Archives/edgar/data/78003/000007800301500081/q3-01htm.htm
2001-07-01,PFE,2001-08-14,2001-08-14 00:00:00,Q2,7686000000,1150000000,6536000000,0.8503773093937028,1116000000,0.0,2810000000,0.0,3926000000,5076000000,0.0,268000000,1390000000,0.18084829560239396,1122000000,0.14597970335675253,13000000,2391000000,0.3110850897736144,590000000,1801000000,0.23432214415820973,0.0,0.0,0.0,0.0,https://www.sec.gov/Archives/edgar/data/78003/000007800301500064/0000078003-01-500064-index.htm,https://www.sec.gov/Archives/edgar/data/78003/000007800301500064/q2-01.htm
