date,symbol,fillingDate,acceptedDate,period,revenue,costOfRevenue,grossProfit,grossProfitRatio,researchAndDevelopmentExpenses,generalAndAdministrativeExpenses,sellingAndMarketingExpenses,otherExpenses,operatingExpenses,costAndExpenses,interestExpense,depreciationAndAmortization,ebitda,ebitdaratio,operatingIncome,operatingIncomeRatio,totalOtherIncomeExpensesNet,incomeBeforeTax,incomeBeforeTaxRatio,incomeTaxExpense,netIncome,netIncomeRatio,eps,epsdiluted,weightedAverageShsOut,weightedAverageShsOutDil,link,finalLink
2020-03-31,PG,2020-04-20,2020-04-20 16:17:10,Q3,17214000000,8716000000,8498000000,0.49366794469617753,0.0,5045000000,0.0,0.0,5045000000,13761000000,100000000,799000000,4252000000,0.2470082491,3453000000,0.200592540955,106000000,3498000000,0.203206692227,541000000,2917000000,0.16945509469,1.15,1.12,2489100000,2630300000,https://www.sec.gov/Archives/edgar/data/80424/000008042420000038/0000080424-20-000038-index.htm,https://www.sec.gov/Archives/edgar/data/80424/000008042420000038/pg-20200331.htm
2019-12-31,PG,2020-01-23,2020-01-23 16:16:32,Q2,18240000000,8869000000,9371000000,0.5137609649122807,0.0,4889000000,0.0,0.0,4889000000,13758000000,100000000,677000000,5159000000,0.282839912281,4482000000,0.245723684211,114000000,4532000000,0.248464912281,789000000,3717000000,0.203782894737,1.47,1.41,2495500000,2638800000,https://www.sec.gov/Archives/edgar/data/80424/000008042420000017/0000080424-20-000017-index.htm,https://www.sec.gov/Archives/edgar/data/80424/000008042420000017/pg-20191231.htm
2019-09-30,PG,2019-10-22,2019-10-22 16:18:13,Q1,17798000000,8723000000,9075000000,0.5098887515451175,0.0,4785000000,0.0,0.0,4785000000,13508000000,108000000,723000000,5013000000,0.281660860771,4290000000,0.241038318912,103000000,4343000000,0.244016181593,726000000,3593000000,0.20187661535,1.41,1.36,2504000000,2647500000,https://www.sec.gov/Archives/edgar/data/80424/000008042419000086/0000080424-19-000086-index.htm,https://www.sec.gov/Archives/edgar/data/80424/000008042419000086/fy1920q1jas10-qreport.htm
2019-06-30,PG,2019-08-06,2019-08-06 16:26:04,FY,17094000000,8938000000,8156000000,0.4771264771264771,1900000000,5003000000,0.0,871000000,6903000000,15841000000,111000000,820000000,-4372000000,-0.25576225576225575,-5192000000,-0.30373230373230375,186000000,-5065000000,-0.2963027963027963,172000000,-5065000000,-0.2963027963027963,-2.13,-2.05,2503600000,2539500000,https://www.sec.gov/Archives/edgar/data/80424/000008042419000050/0000080424-19-000050-index.htm,https://www.sec.gov/Archives/edgar/data/80424/000008042419000050/fy181910-kreport.htm
2019-03-31,PG,2019-04-23,2019-04-23 16:17:21,Q3,16462000000,8427000000,8035000000,0.4880937917628478,0.0,4806000000,0.0,0.0,4806000000,13233000000,131000000,711000000,3940000000,0.239339083951,3229000000,0.196148706111,128000000,3278000000,0.19912525817,502000000,2745000000,0.166747661281,1.07,1.04,2501500000,2624300000,https://www.sec.gov/Archives/edgar/data/80424/000008042419000031/0000080424-19-000031-index.htm,https://www.sec.gov/Archives/edgar/data/80424/000008042419000031/fy1819q3jfm10-qreport.htm
2018-12-31,PG,2019-01-23,2019-01-23 16:19:23,Q2,17438000000,8919000000,8519000000,0.48853079481591927,0.0,4623000000,0.0,0.0,4623000000,13542000000,138000000,650000000,4546000000,0.260695033834,3896000000,0.223420116986,95000000,3916000000,0.224567037504,700000000,3194000000,0.18316320679,1.25,1.22,2497800000,2617600000,https://www.sec.gov/Archives/edgar/data/80424/000008042419000014/0000080424-19-000014-index.htm,https://www.sec.gov/Archives/edgar/data/80424/000008042419000014/fy1819q2ond10-qreport.htm
2018-09-30,PG,2018-10-19,2018-10-19 16:17:31,Q1,16690000000,8484000000,8206000000,0.491671659676453,0.0,4652000000,0.0,0.0,4652000000,13136000000,129000000,643000000,4197000000,0.251467944877,3554000000,0.212941881366,462000000,3940000000,0.236069502696,729000000,3199000000,0.191671659676,1.26,1.22,2495800000,2612100000,https://www.sec.gov/Archives/edgar/data/80424/000008042418000100/0000080424-18-000100-index.htm,https://www.sec.gov/Archives/edgar/data/80424/000008042418000100/fy1819q1jas10-qreport.htm
2018-06-30,PG,2018-08-07,2018-08-07 16:19:22,FY,16503000000,9029000000,7474000000,0.452887353814458,1900000000,4797000000,0.0,16000000,6697000000,15726000000,136000000,750000000,3427000000,0.207659213476,2677000000,0.162212930982,16000000,2289000000,0.138702054172,399000000,1891000000,0.114585226928,0.73,0.73,2529300000,2656700000,https://www.sec.gov/Archives/edgar/data/80424/000008042418000055/0000080424-18-000055-index.htm,https://www.sec.gov/Archives/edgar/data/80424/000008042418000055/fy171810-kreport.htm
2018-03-31,PG,2018-04-19,2018-04-19 16:12:04,Q3,16281000000,8343000000,7938000000,0.48756218905472637,0.0,4642000000,0.0,21000000,4642000000,12985000000,133000000,716000000,4012000000,0.246422209938,3296000000,0.202444567287,21000000,3253000000,0.199803451876,713000000,2511000000,0.154228855721,0.97,0.94,2535700000,2668600000,https://www.sec.gov/Archives/edgar/data/80424/000008042418000034/0000080424-18-000034-index.htm,https://www.sec.gov/Archives/edgar/data/80424/000008042418000034/fy1718q3jfm10-qreport.htm
2017-12-31,PG,2018-01-23,2018-01-23 16:17:22,Q2,17395000000,8667000000,8728000000,0.501753377407301,0.0,4725000000,0.0,168000000,4725000000,13392000000,122000000,676000000,4679000000,0.268985340615,4003000000,0.230123598735,86000000,4033000000,0.231848232251,1472000000,2495000000,0.143432020696,0.96,0.94,2542200000,2680100000,https://www.sec.gov/Archives/edgar/data/80424/000008042418000013/0000080424-18-000013-index.htm,https://www.sec.gov/Archives/edgar/data/80424/000008042418000013/fy1718q2ond10-qreport.htm
2017-09-30,PG,2017-10-20,2017-10-20 16:05:29,Q1,16653000000,8229000000,8424000000,0.5058548009367682,0.0,4689000000,0.0,0.0,4689000000,12918000000,115000000,692000000,4427000000,0.265837987149,3735000000,0.224283912809,82000000,3751000000,0.225244700655,881000000,2853000000,0.171320482796,1.09,1.06,2550500000,2690600000,https://www.sec.gov/Archives/edgar/data/80424/000008042417000078/0000080424-17-000078-index.htm,https://www.sec.gov/Archives/edgar/data/80424/000008042417000078/fy1718q1jas10-qreport.htm
2017-06-30,PG,2017-08-07,2017-08-07 16:05:16,FY,16079000000,8299000000,7780000000,0.483860936625412,1900000000,4831000000,0.0,-404000000,6731000000,15030000000,116000000,720000000,3669000000,0.228185832452,2949000000,0.183406928292,46000000,2927000000,0.182038683998,725000000,2215000000,0.137757323217,0.85,0.83,2598100000,2740400000,https://www.sec.gov/Archives/edgar/data/80424/000008042417000047/0000080424-17-000047-index.htm,https://www.sec.gov/Archives/edgar/data/80424/000008042417000047/fy161710-kreport.htm
2017-03-31,PG,2017-04-26,2017-04-26 16:04:28,Q3,15605000000,7836000000,7769000000,0.4978532521627683,0.0,4409000000,0.0,0.0,4409000000,12245000000,96000000,665000000,4025000000,0.257930150593,3360000000,0.215315603973,26000000,3336000000,0.213777635373,780000000,2522000000,0.16161486703,0.98,0.95,2611500000,2755400000,https://www.sec.gov/Archives/edgar/data/80424/000008042417000026/0000080424-17-000026-index.htm,https://www.sec.gov/Archives/edgar/data/80424/000008042417000026/fy1617q3jfm10-qreport.htm
2016-12-31,PG,2017-01-20,2017-01-20 16:02:41,Q2,16856000000,8298000000,8558000000,0.5077123872804936,0.0,4683000000,0.0,0.0,4683000000,12981000000,122000000,707000000,4582000000,0.271831988609,3875000000,0.229888467015,-539000000,3256000000,0.193165638348,695000000,7875000000,0.46719269103,2.98,2.85,2635600000,2780200000,https://www.sec.gov/Archives/edgar/data/80424/000008042417000011/0000080424-17-000011-index.htm,https://www.sec.gov/Archives/edgar/data/80424/000008042417000011/fy1617q2ond10-qreport.htm
2016-09-30,PG,2016-10-25,2016-10-25 16:04:50,Q1,16518000000,8102000000,8416000000,0.5095047826613391,0.0,4645000000,0.0,0.0,4645000000,12747000000,131000000,728000000,4499000000,0.272369536263,3771000000,0.228296403923,63000000,3738000000,0.226298583364,863000000,2714000000,0.164305606006,0.99,0.96,2674700000,2822900000,https://www.sec.gov/Archives/edgar/data/80424/000008042416000244/0000080424-16-000244-index.htm,https://www.sec.gov/Archives/edgar/data/80424/000008042416000244/fy1617q1jas10-qreport.htm
2016-06-30,PG,2016-08-09,2016-08-09 16:03:15,FY,16102000000,8382000000,7720000000,0.47944354738541795,1900000000,5218000000,0.0,0.0,7118000000,15500000000,150000000,839000000,3341000000,0.207489752826,2502000000,0.155384424295,287000000,2686000000,0.166811576202,678000000,1951000000,0.121165072662,0.71,0.69,2698900000,2844400000,https://www.sec.gov/Archives/edgar/data/80424/000008042416000212/0000080424-16-000212-index.htm,https://www.sec.gov/Archives/edgar/data/80424/000008042416000212/fy151610-kreport.htm
2016-03-31,PG,2016-04-26,2016-04-26 16:02:35,Q3,15755000000,7915000000,7840000000,0.4976198032370676,0.0,4522000000,0.0,0.0,4522000000,12437000000,146000000,785000000,4103000000,0.260425261822,3318000000,0.210599809584,21000000,3226000000,0.204760393526,889000000,2750000000,0.174547762615,1.0,0.97,2709200000,2855600000,https://www.sec.gov/Archives/edgar/data/80424/000008042416000183/0000080424-16-000183-index.htm,https://www.sec.gov/Archives/edgar/data/80424/000008042416000183/fy1516q3jfm10-qreport.htm
2015-12-31,PG,2016-01-26,2016-01-26 17:19:00,Q2,16915000000,8460000000,8455000000,0.4998522021874076,0.0,4602000000,0.0,0.0,4602000000,13062000000,143000000,723000000,4576000000,0.270529116169,3853000000,0.227785988767,35000000,3803000000,0.224830032516,898000000,3206000000,0.189535914868,1.16,1.12,2719500000,2865800000,https://www.sec.gov/Archives/edgar/data/80424/000008042416000166/0000080424-16-000166-index.htm,https://www.sec.gov/Archives/edgar/data/80424/000008042416000166/fy1516q2ond10-qreport.htm
2015-09-30,PG,2015-10-23,2015-10-23 16:03:06,Q1,16527000000,8152000000,8375000000,0.5067465359714407,0.0,4607000000,0.0,0.0,4607000000,12759000000,140000000,731000000,4499000000,0.272221213771,3768000000,0.2279905609,-18000000,3654000000,0.221092757306,877000000,2601000000,0.157378834634,0.93,0.91,2720100000,2867500000,https://www.sec.gov/Archives/edgar/data/80424/000008042415000098/0000080424-15-000098-index.htm,https://www.sec.gov/Archives/edgar/data/80424/000008042415000098/fy1516q1jas10-qreport.htm
2015-06-30,PG,2015-08-07,2015-08-07 16:02:16,FY,17790000000,9257000000,8533000000,0.4796514896008994,2000000000,5575000000,0.0,0.0,7575000000,16832000000,147000000,808000000,1738000000,0.0976953344576,930000000,0.0522765598651,438000000,1269000000,0.0713322091062,629000000,521000000,0.0292861157954,0.17,0.18,2711700000,2883600000,https://www.sec.gov/Archives/edgar/data/80424/000008042415000070/0000080424-15-000070-index.htm,https://www.sec.gov/Archives/edgar/data/80424/000008042415000070/fy141510-kreport.htm
2015-03-31,PG,2015-04-23,2015-04-23 16:02:21,Q3,18142000000,9327000000,8815000000,0.48588909712269873,0.0,5680000000,0.0,0.0,5680000000,15007000000,149000000,786000000,3921000000,0.216128321023,3135000000,0.172803439533,53000000,3077000000,0.169606438099,602000000,2153000000,0.118674898027,0.77,0.75,2709400000,2885300000,https://www.sec.gov/Archives/edgar/data/80424/000008042415000039/0000080424-15-000039-index.htm,https://www.sec.gov/Archives/edgar/data/80424/000008042415000039/fy1415q3jfm10-qreport.htm
2014-12-31,PG,2015-01-27,2015-01-27 16:04:25,Q2,19555000000,9740000000,9815000000,0.5019176681155715,0.0,6003000000,0.0,0.0,6003000000,15743000000,161000000,746000000,5531000000,0.282843262593,4785000000,0.244694451547,19000000,4677000000,0.239171567374,865000000,2372000000,0.121298900537,0.85,0.82,2708200000,2886800000,https://www.sec.gov/Archives/edgar/data/80424/000008042415000014/0000080424-15-000014-index.htm,https://www.sec.gov/Archives/edgar/data/80424/000008042415000014/q2-ond14quarterlyreport.htm
2014-09-30,PG,2014-10-24,2014-10-24 16:02:31,Q1,20792000000,10552000000,10240000000,0.49249711427472104,0.0,6327000000,0.0,0.0,6327000000,16879000000,169000000,794000000,3734000000,0.179588303194,2940000000,0.141400538669,21000000,2823000000,0.135773374375,820000000,1990000000,0.0957098884186,0.71,0.69,2710600000,2888000000,https://www.sec.gov/Archives/edgar/data/80424/000008042414000077/0000080424-14-000077-index.htm,https://www.sec.gov/Archives/edgar/data/80424/000008042414000077/q1-jas14quarterlyreport.htm
2014-06-30,PG,2014-08-08,2014-08-08 16:03:07,FY,19018000000,9919000000,9099000000,0.4784414764959512,2000000000,5972000000,0.0,0.0,7972000000,17891000000,178000000,824000000,3951000000,0.207750552109,3127000000,0.164423178042,138000000,3114000000,0.163739615101,572000000,2579000000,0.135608371017,1.07,0.89,2719800000,2904700000,https://www.sec.gov/Archives/edgar/data/80424/000008042414000057/0000080424-14-000057-index.htm,https://www.sec.gov/Archives/edgar/data/80424/000008042414000057/fy201410kannualreport.htm
2014-03-31,PG,2014-04-23,2014-04-23 16:02:38,Q3,20559000000,10601000000,9958000000,0.48436207986769786,0.0,6500000000,0.0,0.0,6500000000,17101000000,179000000,791000000,4249000000,0.206673476336,3458000000,0.168198842356,20000000,3328000000,0.161875577606,692000000,2609000000,0.126903059487,0.91,0.91,2908900000,2908900000,https://www.sec.gov/Archives/edgar/data/80424/000008042414000038/0000080424-14-000038-index.htm,https://www.sec.gov/Archives/edgar/data/80424/000008042414000038/jfm14quarterlyreport.htm
2013-12-31,PG,2014-01-24,2014-01-24 17:24:45,Q2,22280000000,11130000000,11150000000,0.5004488330341114,0.0,6598000000,0.0,0.0,6598000000,17728000000,187000000,755000000,5307000000,0.238195691203,4552000000,0.204308797127,43000000,4431000000,0.198877917415,959000000,3428000000,0.153859964093,1.17,1.17,2916400000,2916400000,https://www.sec.gov/Archives/edgar/data/80424/000008042414000012/0000080424-14-000012-index.htm,https://www.sec.gov/Archives/edgar/data/80424/000008042414000012/ond13quarterlyreport.htm
2013-09-30,PG,2013-10-25,2013-10-25 16:01:48,Q1,21205000000,10810000000,10395000000,0.49021457203489743,0.0,6244000000,0.0,0.0,6244000000,17054000000,165000000,771000000,4922000000,0.232115067201,4151000000,0.195755717991,5000000.0,4012000000,0.189200660222,955000000,3027000000,0.142749351568,1.04,1.04,2924300000,2924300000,https://www.sec.gov/Archives/edgar/data/80424/000008042413000089/0000080424-13-000089-index.htm,https://www.sec.gov/Archives/edgar/data/80424/000008042413000089/jas13quarterlyreport.htm
2013-06-30,PG,2013-08-08,2013-08-08 06:24:28,FY,20655000000,10854000000,9801000000,0.4745098039215686,2000000000,6860000000,0.0,0.0,8860000000,19714000000,163000000,794000000,3427000000,0.16591624304,2633000000,0.127475187606,-46000000,2511000000,0.121568627451,629000000,1875000000,0.0907770515614,0.66,0.64,2742900000,2930600000,https://www.sec.gov/Archives/edgar/data/80424/000008042413000063/0000080424-13-000063-index.htm,https://www.sec.gov/Archives/edgar/data/80424/000008042413000063/fy201310kannualreport.htm
2013-03-31,PG,2013-04-24,2013-04-24 16:02:19,Q3,20598000000,10344000000,10254000000,0.49781532187591027,0.0,6849000000,0.0,-942000000,6849000000,17193000000,163000000,740000000,4145000000,0.20123312943,3405000000,0.165307311389,46000000,3288000000,0.159627148267,697000000,2566000000,0.124575201476,0.92,0.87,2927600000,2927600000,https://www.sec.gov/Archives/edgar/data/80424/000008042413000033/0000080424-13-000033-index.htm,https://www.sec.gov/Archives/edgar/data/80424/000008042413000033/jfm13quarterlyreport.htm
2012-12-31,PG,2013-01-25,2013-01-25 16:02:36,Q2,22175000000,10880000000,11295000000,0.5093573844419391,0.0,6803000000,0.0,895000000,6803000000,17683000000,169000000,738000000,5230000000,0.235851183766,4492000000,0.202570462232,895000000,5218000000,0.235310033822,1142000000,4057000000,0.182953776776,1.46,1.39,2926100000,2926100000,https://www.sec.gov/Archives/edgar/data/80424/000008042413000012/0000080424-13-000012-index.htm,https://www.sec.gov/Archives/edgar/data/80424/000008042413000012/ond12quarterlyreport.htm
2012-09-30,PG,2012-10-25,2012-10-25 16:01:19,Q1,20739000000,10350000000,10389000000,0.5009402574858961,0.0,6438000000,0.0,47000000,6438000000,16788000000,172000000,710000000,4661000000,0.224745648295,3951000000,0.190510632142,47000000,3826000000,0.184483340566,973000000,2814000000,0.135686387965,1.0,0.96,2931700000,2931700000,https://www.sec.gov/Archives/edgar/data/80424/000008042412000092/0000080424-12-000092-index.htm,https://www.sec.gov/Archives/edgar/data/80424/000008042412000092/jas12quarterlyreport.htm
2012-06-30,PG,2012-08-08,2012-08-08 16:16:27,FY,20212000000,10497000000,9715000000,0.48065505640213735,0.0,6652000000,0.0,-238000000,6652000000,17149000000,182000000,777000000,3840000000,0.189986146843,3063000000,0.151543637443,24000000,2905000000,0.143726499109,692000000,3631000000,0.179645754997,1.3,1.24,2751300000,2941200000,https://www.sec.gov/Archives/edgar/data/80424/000008042412000063/0000080424-12-000063-index.htm,https://www.sec.gov/Archives/edgar/data/80424/000008042412000063/fy2012financialstatementsf.htm
2012-03-31,PG,2012-04-27,2012-04-27 16:01:07,Q3,19416000000,9708000000,9708000000,0.5,0.0,6530000000,0.0,67000000,6530000000,16238000000,179000000,971000000,4127000000,0.212556654306,3156000000,0.162546353523,67000000,3044000000,0.156777915122,710000000,2411000000,0.124175937371,0.85,0.82,2944900000,2944900000,https://www.sec.gov/Archives/edgar/data/80424/000008042412000040/0000080424-12-000040-index.htm,https://www.sec.gov/Archives/edgar/data/80424/000008042412000040/jfm12quarterlyreport.htm
2011-12-31,PG,2012-01-27,2012-01-27 16:01:04,Q2,22135000000,11125000000,11010000000,0.4974023040433702,0.0,6717000000,0.0,203000000,6717000000,17842000000,201000000,713000000,3452000000,0.15595211204,2739000000,0.123740682178,203000000,2741000000,0.12383103682,995000000,1690000000,0.0763496724644,0.59,0.57,2946500000,2946500000,https://www.sec.gov/Archives/edgar/data/80424/000008042412000015/0000080424-12-000015-index.htm,https://www.sec.gov/Archives/edgar/data/80424/000008042412000015/ond11quarterlyreport.htm
2011-09-30,PG,2011-10-27,2011-10-27 16:01:22,Q1,21917000000,11061000000,10856000000,0.49532326504539853,0.0,6522000000,0.0,-32000000,6522000000,17583000000,207000000,743000000,5077000000,0.231646666971,4334000000,0.197746041885,-32000000,4095000000,0.186841264772,1071000000,3024000000,0.137975087831,1.08,1.03,2945800000,2945800000,https://www.sec.gov/Archives/edgar/data/80424/000008042411000043/0000080424-11-000043-index.htm,https://www.sec.gov/Archives/edgar/data/80424/000008042411000043/jasquarterlyreport.htm
2011-06-30,PG,2011-08-10,2011-08-10 06:53:53,FY,20860000000,10787000000,10073000000,0.48288590604026843,0.0,6788000000,0.0,132000000,6788000000,17575000000,212000000,735000000,4020000000,0.192713326942,3285000000,0.157478427613,132000000,3205000000,0.153643336529,695000000,2510000000,0.120325982742,0.88,0.84,2804000000,3001900000,https://www.sec.gov/Archives/edgar/data/80424/000008042411000014/0000080424-11-000014-index.htm,https://www.sec.gov/Archives/edgar/data/80424/000008042411000014/fy1110k.htm
2011-03-31,PG,2011-04-29,2011-04-29 08:21:55,Q3,20230000000,10005000000,10225000000,0.5054374691052892,0.0,6453000000,0.0,71000000,6453000000,16458000000,202000000,703000000,4475000000,0.221206129511,3772000000,0.186455758774,71000000,3641000000,0.179980227385,768000000,2873000000,0.142016806723,1.0,0.96,3008600000,3008600000,https://www.sec.gov/Archives/edgar/data/80424/000119312511116981/0001193125-11-116981-index.htm,https://www.sec.gov/Archives/edgar/data/80424/000119312511116981/d10q.htm
2010-12-31,PG,2011-01-28,2011-01-28 16:02:47,Q2,21347000000,10287000000,11060000000,0.5181055886072985,0.0,6800000000,0.0,10000000,6800000000,17087000000,209000000,711000000,4971000000,0.232866444934,4260000000,0.199559657095,10000000,4061000000,0.190237504099,728000000,3333000000,0.156134351431,1.17,1.11,3013000000,3013000000,https://www.sec.gov/Archives/edgar/data/80424/000119312511017328/0001193125-11-017328-index.htm,https://www.sec.gov/Archives/edgar/data/80424/000119312511017328/d10q.htm
2010-09-30,PG,2010-10-28,2010-10-28 08:44:46,Q1,20122000000,9689000000,10433000000,0.5184872279097505,0.0,5932000000,0.0,-11000000,5932000000,15621000000,208000000,689000000,5190000000,0.257926647451,4501000000,0.223685518338,-11000000,4282000000,0.212801908359,1201000000,3081000000,0.153115992446,1.07,1.02,3025600000,3025600000,https://www.sec.gov/Archives/edgar/data/80424/000119312510238937/0001193125-10-238937-index.htm,https://www.sec.gov/Archives/edgar/data/80424/000119312510238937/d10q.htm
2010-06-30,PG,2010-08-13,2010-08-13 16:02:12,FY,18926000000,9560000000,9366000000,0.494874775441192,0.0,6416000000,0.0,-28000000,6416000000,15976000000,212000000,780000000,3730000000,0.197083377364,2950000000,0.155870231428,-121000000,2617000000,0.138275388355,432000000,2185000000,0.11544964599,0.75,0.72,2900800000,3099300000,https://www.sec.gov/Archives/edgar/data/80424/000119312510188769/0001193125-10-188769-index.htm,https://www.sec.gov/Archives/edgar/data/80424/000119312510188769/d10k.htm
2010-03-31,PG,2010-04-30,2010-04-30 16:00:50,Q3,59611884000,28359000000,31252884000,0.5242727104548482,0.0,18497778000,0.0,0.0,18497778000,46856778000,559183000,2331277000,14918623000,0.250262565095,12587346000,0.211154977085,17000000,11946346000,0.200402087611,3547519000,10192291000,0.170977501734,2.69,2.52,3110200000,3110200000,https://www.sec.gov/Archives/edgar/data/80424/000119312510101892/0001193125-10-101892-index.htm,https://www.sec.gov/Archives/edgar/data/80424/000119312510101892/d10q.htm
2009-12-31,PG,2010-01-28,2010-01-28 07:26:48,Q2,21027000000,9736000000,11291000000,0.5369762686070291,0.0,6636000000,0.0,0.0,6636000000,16372000000,-224000000,758000000,5413000000,0.25743092214771485,4655000000,0.2213820326247206,53000000,4484000000,0.21324963142626147,0.0,4484000000,0.21324963142626147,2.08,2.08,3114000000,3114000000,https://www.sec.gov/Archives/edgar/data/80424/000119312510014865/0001193125-10-014865-index.htm,https://www.sec.gov/Archives/edgar/data/80424/000119312510014865/d10q.htm
2009-09-30,PG,2009-10-29,2009-10-29 10:30:53,Q1,19807000000,9398000000,10409000000,0.5255212803554299,0.0,5961000000,0.0,0.0,5961000000,15359000000,-287000000,771000000,5219000000,0.26349270459938406,4448000000,0.22456707224718533,23000000,4184000000,0.21123845105265815,0.0,4184000000,0.21123845105265815,1.02,1.02,3109000000,3109000000,https://www.sec.gov/Archives/edgar/data/80424/000119312509217067/0001193125-09-217067-index.htm,https://www.sec.gov/Archives/edgar/data/80424/000119312509217067/d10q.htm
2009-06-30,PG,2009-08-14,2009-08-14 16:18:14,FY,18662000000,9267000000,9395000000,0.5034294287857679,0.0,5822000000,0.0,0.0,5822000000,15089000000,-329000000,854000000,4427000000,0.23722001929053693,3573000000,0.1914585789304469,40000000,3284000000,0.17597256456971386,0.0,3284000000,0.17597256456971386,3.76,3.76,4075797872,4075797872,https://www.sec.gov/Archives/edgar/data/80424/000119312509175986/0001193125-09-175986-index.htm,https://www.sec.gov/Archives/edgar/data/80424/000119312509175986/d10k.htm
2009-03-31,PG,2009-05-01,2009-05-01 16:02:53,Q3,18417000000,9161000000,9256000000,0.502579138839116,0.0,5526000000,0.0,0.0,5526000000,14687000000,-336000000,725000000,4455000000,0.24189607427919857,3730000000,0.20253027094532225,93000000,3487000000,0.18933593962100234,0.0,3487000000,0.18933593962100234,2.93,2.93,3172000000,3172000000,https://www.sec.gov/Archives/edgar/data/80424/000119312509096244/0001193125-09-096244-index.htm,https://www.sec.gov/Archives/edgar/data/80424/000119312509096244/d10q.htm
2008-12-31,PG,2009-02-02,2009-02-02 17:05:15,Q2,19924000000,9565000000,10359000000,0.519925717727364,0.0,6224000000,0.0,0.0,6224000000,15789000000,-354000000,693000000,4828000000,0.24232081911262798,4135000000,0.20753864685806064,90000000,3871000000,0.19428829552298735,0.0,3871000000,0.19428829552298735,2.06,2.06,3205000000,3205000000,https://www.sec.gov/Archives/edgar/data/80424/000119312509016473/0001193125-09-016473-index.htm,https://www.sec.gov/Archives/edgar/data/80424/000119312509016473/d10q.htm
2008-09-30,PG,2008-10-30,2008-10-30 08:24:31,Q1,22026000000,10905000000,11121000000,0.5049032961046036,0.0,6436000000,0.0,0.0,6436000000,17341000000,-339000000,810000000,5495000000,0.24947788976663943,4685000000,0.21270316898211206,337000000,4683000000,0.21261236720239718,0.0,4683000000,0.21261236720239718,1.1,1.03,3239000000,3239000000,https://www.sec.gov/Archives/edgar/data/80424/000119312508219742/0001193125-08-219742-index.htm,https://www.sec.gov/Archives/edgar/data/80424/000119312508219742/d10q.htm
2008-06-30,PG,2008-08-28,2008-08-28 16:05:50,FY,21266000000,10808000000,10458000000,0.49177090190915074,0.0,6618000000,0.0,0.0,6618000000,17426000000,-355000000,896000000,4736000000,0.22270290604721152,3840000000,0.18056992382206338,67000000,3552000000,0.16702717953540863,0.0,3552000000,0.16702717953540863,3.86,3.86,4165284974,4165284974,https://www.sec.gov/Archives/edgar/data/80424/000095015208006832/0000950152-08-006832-index.htm,https://www.sec.gov/Archives/edgar/data/80424/000095015208006832/l32996ae10vk.htm
2008-03-31,PG,2008-05-01,2008-05-01 16:22:04,Q3,20463000000,9927000000,10536000000,0.5148805160533646,0.0,6378000000,0.0,0.0,6378000000,16305000000,-364000000,767000000,4878000000,0.23838146899281631,4111000000,0.20089918389287983,10000000,3757000000,0.18359966769290914,0.0,3757000000,0.18359966769290914,2.89,2.72,3332000000,3332000000,https://www.sec.gov/Archives/edgar/data/80424/000095015208003318/0000950152-08-003318-index.htm,https://www.sec.gov/Archives/edgar/data/80424/000095015208003318/l31232ae10vq.htm
2007-12-31,PG,2008-02-01,2008-02-01 16:55:23,Q2,41774000000,10441000000,31333000000,0.7500598458371236,0.0,6467000000,0.0,0.0,6467000000,16908000000,-389000000,751000000,5465000000,0.13082299995212332,4714000000,0.11284531048020299,192000000,4517000000,0.1081294585148657,0.0,4517000000,0.1081294585148657,2.02,1.9,4341089108,4615263157,https://www.sec.gov/Archives/edgar/data/80424/000008042408000035/0000080424-08-000035-index.htm,https://www.sec.gov/Archives/edgar/data/80424/000008042408000035/ond2007.htm
2007-09-30,PG,2007-10-31,2007-10-31 14:22:27,Q1,0.0,9519000000,-9519000000,0.0,0.0,6262000000,0.0,0.0,6262000000,15781000000,-359000000,752000000,5170000000,0.0,4418000000,0.0,193000000,4252000000,0.0,0.0,4252000000,0.0,0.97,0.92,3354000000,3354000000,https://www.sec.gov/Archives/edgar/data/80424/000095015207008417/0000950152-07-008417-index.htm,https://www.sec.gov/Archives/edgar/data/80424/000095015207008417/l28511ae10vq.htm
2007-06-30,PG,2007-08-28,2007-08-28 16:38:03,FY,19272000000,9429000000,9843000000,0.5107409713574097,0.0,6395000000,0.0,0.0,6395000000,15824000000,-328000000,763000000,4164000000,0.21606475716064757,3401000000,0.1764736405147364,135000000,3208000000,0.16645911166459113,0.0,3208000000,0.16645911166459113,3.22,3.22,4568322981,4568322981,https://www.sec.gov/Archives/edgar/data/80424/000095015207007152/0000950152-07-007152-index.htm,https://www.sec.gov/Archives/edgar/data/80424/000095015207007152/l27490ae10vk.htm
2007-03-31,PG,2007-05-02,2007-05-02 10:00:52,Q3,18694000000,9058000000,9636000000,0.5154595057237616,0.0,5991000000,0.0,0.0,5991000000,15049000000,-279000000,878000000,4523000000,0.2419492885417781,3645000000,0.19498234727720123,170000000,3536000000,0.18915159944367177,0.0,3536000000,0.18915159944367177,2.51,2.37,4582470119,4853164556,https://www.sec.gov/Archives/edgar/data/80424/000008042407000078/0000080424-07-000078-index.htm,https://www.sec.gov/Archives/edgar/data/80424/000008042407000078/qjfm2007.htm
2006-12-31,PG,2007-01-31,2007-01-31 16:20:45,Q2,19725000000,9287000000,10438000000,0.5291761723700887,0.0,6088000000,0.0,0.0,6088000000,15375000000,-339000000,705000000,5055000000,0.25627376425855514,4350000000,0.22053231939163498,79000000,4090000000,0.2073510773130545,0.0,4090000000,0.2073510773130545,1.73,1.63,4604624277,4887116564,https://www.sec.gov/Archives/edgar/data/80424/000008042407000010/0000080424-07-000010-index.htm,https://www.sec.gov/Archives/edgar/data/80424/000008042407000010/qond2006.htm
2006-09-30,PG,2006-11-01,2006-11-01 16:40:30,Q1,18785000000,8912000000,9873000000,0.5255789193505457,0.0,5866000000,0.0,0.0,5866000000,14778000000,-358000000,784000000,4838000000,0.25754591429331913,4054000000,0.21581048709076392,180000000,3876000000,0.20633484162895926,0.0,3876000000,0.20633484162895926,0.84,0.79,4614285714,4906329113,https://www.sec.gov/Archives/edgar/data/80424/000008042406000184/0000080424-06-000184-index.htm,https://www.sec.gov/Archives/edgar/data/80424/000008042406000184/qjas2006.htm
