date,symbol,fillingDate,acceptedDate,period,revenue,costOfRevenue,grossProfit,grossProfitRatio,researchAndDevelopmentExpenses,generalAndAdministrativeExpenses,sellingAndMarketingExpenses,otherExpenses,operatingExpenses,costAndExpenses,interestExpense,depreciationAndAmortization,ebitda,ebitdaratio,operatingIncome,operatingIncomeRatio,totalOtherIncomeExpensesNet,incomeBeforeTax,incomeBeforeTaxRatio,incomeTaxExpense,netIncome,netIncomeRatio,eps,epsdiluted,weightedAverageShsOut,weightedAverageShsOutDil,link,finalLink
2020-03-31,PM,2020-04-28,2020-04-28 09:11:51,Q1,7153000000,2402000000,4751000000,0.6641968404865092,0.0,0.0,1944000000,0.0,18000000,2420000000,0.0,241000000,3030000000,0.423598490144,2789000000,0.389906333007,0.0,2637000000,0.368656507759,596000000,1826000000,0.255277505942,1.17,1.17,1557000000,1558000000,https://www.sec.gov/Archives/edgar/data/1413329/000141332920000032/0001413329-20-000032-index.htm,https://www.sec.gov/Archives/edgar/data/1413329/000141332920000032/pm-033120x10qxdoc.htm
2019-12-31,PM,2020-02-07,2020-02-07 06:47:13,FY,7713000000,2778000000,4935000000,0.6398288603656165,465000000,0.0,2413000000,0.0,481000000,3259000000,796000000,255000000,2761000000,0.357967068586,2506000000,0.324906002852,0.0,2342000000,0.303643199793,623000000,1616000000,0.209516400882,1.04,1.04,1555000000,1556000000,https://www.sec.gov/Archives/edgar/data/1413329/000141332920000007/0001413329-20-000007-index.htm,https://www.sec.gov/Archives/edgar/data/1413329/000141332920000007/pm123119form10kwrapinc.htm
2019-09-30,PM,2019-10-24,2019-10-24 07:05:38,Q3,7642000000,2605000000,5037000000,0.6591206490447526,0.0,0.0,2234000000,0.0,15000000,2620000000,0.0,237000000,3025000000,0.395838785658,2788000000,0.36482596179,0.0,2541000000,0.332504579953,635000000,1896000000,0.248102590945,1.21,1.21,1556000000,1556000000,https://www.sec.gov/Archives/edgar/data/1413329/000141332919000071/0001413329-19-000071-index.htm,https://www.sec.gov/Archives/edgar/data/1413329/000141332919000071/pm-093019x10qxdoc.htm
2019-06-30,PM,2019-07-25,2019-07-25 06:40:07,Q2,7699000000,2665000000,5034000000,0.6538511494999351,0.0,0.0,1831000000,0.0,16000000,2681000000,0.0,232000000,3419000000,0.444083647227,3187000000,0.413949863619,0.0,3112000000,0.404208338745,611000000,2319000000,0.301207949084,1.49,1.49,1556000000,1556000000,https://www.sec.gov/Archives/edgar/data/1413329/000141332919000055/0001413329-19-000055-index.htm,https://www.sec.gov/Archives/edgar/data/1413329/000141332919000055/pm-063019x10qxdoc.htm
2019-03-31,PM,2019-04-25,2019-04-25 07:17:40,Q1,6751000000,2465000000,4286000000,0.63486890830988,0.0,0.0,2217000000,0.0,19000000,2484000000,0.0,240000000,2290000000,0.339209006073,2050000000,0.303658717227,0.0,1877000000,0.278032884017,424000000,1354000000,0.200562879573,0.87,0.87,1555000000,1556000000,https://www.sec.gov/Archives/edgar/data/1413329/000141332919000034/0001413329-19-000034-index.htm,https://www.sec.gov/Archives/edgar/data/1413329/000141332919000034/pm-033119x10qxdoc.htm
2018-12-31,PM,2019-02-07,2019-02-07 15:09:20,FY,7499000000,2781000000,4718000000,0.629150553407121,383000000,0.0,1997000000,0.0,402000000,3183000000,855000000,255000000,2957000000,0.394319242566,2702000000,0.360314708628,0.0,2555000000,0.340712094946,551000000,1910000000,0.25470062675,1.23,1.23,1555000000,1555000000,https://www.sec.gov/Archives/edgar/data/1413329/000141332919000007/0001413329-19-000007-index.htm,https://www.sec.gov/Archives/edgar/data/1413329/000141332919000007/pm123118form10kwrapinclfsm.htm
2018-09-30,PM,2018-10-25,2018-10-25 07:12:24,Q3,7504000000,2618000000,4886000000,0.6511194029850746,0.0,0.0,1710000000,0.0,20000000,2638000000,0.0,246000000,3402000000,0.453358208955,3156000000,0.420575692964,0.0,3004000000,0.400319829424,691000000,2247000000,0.299440298507,1.44,1.44,1555000000,1555000000,https://www.sec.gov/Archives/edgar/data/1413329/000141332918000053/0001413329-18-000053-index.htm,https://www.sec.gov/Archives/edgar/data/1413329/000141332918000053/pm-093018x10qxdoc.htm
2018-06-30,PM,2018-07-26,2018-07-26 07:37:19,Q2,7726000000,2744000000,4982000000,0.644835619984468,0.0,0.0,1868000000,0.0,21000000,2765000000,0.0,246000000,3339000000,0.432177064458,3093000000,0.400336526016,0.0,2919000000,0.377815169557,644000000,2198000000,0.284493916645,1.41,1.41,1554000000,1554000000,https://www.sec.gov/Archives/edgar/data/1413329/000141332918000039/0001413329-18-000039-index.htm,https://www.sec.gov/Archives/edgar/data/1413329/000141332918000039/pm-063018x10qxdoc.htm
2018-03-31,PM,2018-04-26,2018-04-26 07:58:37,Q1,6896000000,2615000000,4281000000,0.6207946635730859,0.0,0.0,1833000000,0.0,22000000,2637000000,0.0,242000000,2668000000,0.386890951276,2426000000,0.351798143852,0.0,2193000000,0.318010440835,559000000,1556000000,0.225638051044,1.0,1.0,1553000000,1554000000,https://www.sec.gov/Archives/edgar/data/1413329/000141332918000023/0001413329-18-000023-index.htm,https://www.sec.gov/Archives/edgar/data/1413329/000141332918000023/pm-033118x10qxdoc.htm
2017-12-31,PM,2018-02-13,2018-02-13 08:07:16,FY,21585000000,3001000000,18584000000,0.8609682649988418,453000000,38000000,1952000000,0.0,514000000,3515000000,1096000000,243000000,3561000000,0.164975677554,3318000000,0.153717859625,0.0,3059000000,0.141718786194,2265000000,694000000,0.0321519573778,0.45,0.45,1552000000,1553000000,https://www.sec.gov/Archives/edgar/data/1413329/000141332918000007/0001413329-18-000007-index.htm,https://www.sec.gov/Archives/edgar/data/1413329/000141332918000007/pm123117form10kwrapinclfsm.htm
2017-09-30,PM,2017-10-26,2017-10-26 07:02:28,Q3,20638000000,2735000000,17903000000,0.8674774687469716,0.0,35000000,1649000000,0.0,56000000,2791000000,0.0,225000000,3293000000,0.159560034887,3068000000,0.14865781568,0.0,2845000000,0.137852505088,812000000,1970000000,0.0954549859483,1.26,1.26,1552000000,1553000000,https://www.sec.gov/Archives/edgar/data/1413329/000141332917000054/0001413329-17-000054-index.htm,https://www.sec.gov/Archives/edgar/data/1413329/000141332917000054/pm-093017x10qxdoc.htm
2017-06-30,PM,2017-07-27,2017-07-27 08:01:46,Q2,19319000000,2519000000,16800000000,0.869610228272685,0.0,40000000,1655000000,0.0,62000000,2581000000,0.0,210000000,2931000000,0.151715927325,2721000000,0.140845799472,0.0,2508000000,0.129820384078,689000000,1781000000,0.0921890366996,1.15,1.15,1552000000,1553000000,https://www.sec.gov/Archives/edgar/data/1413329/000141332917000043/0001413329-17-000043-index.htm,https://www.sec.gov/Archives/edgar/data/1413329/000141332917000043/pm-063017x10qxdoc.htm
2017-03-31,PM,2017-04-27,2017-04-27 10:32:07,Q1,16556000000,2177000000,14379000000,0.8685068857211887,0.0,51000000,1469000000,0.0,73000000,2250000000,0.0,197000000,2593000000,0.156619956511,2396000000,0.144720947089,0.0,2177000000,0.131493114279,541000000,1590000000,0.0960376902633,1.02,1.02,1552000000,1553000000,https://www.sec.gov/Archives/edgar/data/1413329/000141332917000023/0001413329-17-000023-index.htm,https://www.sec.gov/Archives/edgar/data/1413329/000141332917000023/pm-033117x10qxdoc.htm
2016-12-31,PM,2017-02-14,2017-02-14 08:22:52,FY,19189000000,2499000000,16690000000,0.8697691385689718,429000000,42000000,1842000000,0.0,489000000,2988000000,1069000000,195000000,2807000000,0.146281723904,2612000000,0.136119651884,0.0,2411000000,0.125644900724,658000000,1711000000,0.0891656678305,1.1,1.1,1551000000,1551000000,https://www.sec.gov/Archives/edgar/data/1413329/000141332917000014/0001413329-17-000014-index.htm,https://www.sec.gov/Archives/edgar/data/1413329/000141332917000014/pm123116form10kwrapinclfsm.htm
2016-09-30,PM,2016-10-25,2016-10-25 06:11:03,Q3,19935000000,2432000000,17503000000,0.8780035114120893,0.0,36000000,1554000000,0.0,55000000,2487000000,0.0,188000000,3165000000,0.158765989466,2977000000,0.149335339855,0.0,2757000000,0.138299473288,764000000,1938000000,0.0972159518435,1.25,1.25,1551000000,1551000000,https://www.sec.gov/Archives/edgar/data/1413329/000141332916000105/0001413329-16-000105-index.htm,https://www.sec.gov/Archives/edgar/data/1413329/000141332916000105/pm-093016x10qxdoc.htm
2016-06-30,PM,2016-07-26,2016-07-26 06:12:07,Q2,19041000000,2364000000,16677000000,0.875846856782732,0.0,37000000,1513000000,0.0,56000000,2420000000,0.0,185000000,2938000000,0.15429861877,2753000000,0.144582742503,0.0,2530000000,0.132871172733,716000000,1788000000,0.0939026311643,1.15,1.15,1551000000,1551000000,https://www.sec.gov/Archives/edgar/data/1413329/000141332916000096/0001413329-16-000096-index.htm,https://www.sec.gov/Archives/edgar/data/1413329/000141332916000096/pm-063016x10qxdoc.htm
2016-03-31,PM,2016-04-26,2016-04-26 10:22:31,Q1,16788000000,2096000000,14692000000,0.875148915892304,0.0,46000000,1496000000,0.0,64000000,2160000000,0.0,175000000,2648000000,0.157731713128,2473000000,0.147307600667,0.0,2226000000,0.132594710508,630000000,1530000000,0.0911365260901,0.98,0.98,1550000000,1550000000,https://www.sec.gov/Archives/edgar/data/1413329/000141332916000082/0001413329-16-000082-index.htm,https://www.sec.gov/Archives/edgar/data/1413329/000141332916000082/pm-033116x10qxdoc.htm
2015-12-31,PM,2016-02-17,2016-02-17 10:25:14,FY,18371000000,2375000000,15996000000,0.8707201567688204,423000000,47000000,2028000000,0.0,490000000,2865000000,1132000000,193000000,2094000000,0.113983996516,1901000000,0.103478308203,0.0,1674000000,0.0911218768712,412000000,1249000000,0.067987589135,0.8,0.8,1549000000,1549000000,https://www.sec.gov/Archives/edgar/data/1413329/000141332916000076/0001413329-16-000076-index.htm,https://www.sec.gov/Archives/edgar/data/1413329/000141332916000076/pm123115form10kwrapinclfsm.htm
2015-09-30,PM,2015-10-30,2015-10-30 08:44:43,Q3,19422000000,2383000000,17039000000,0.8773040881474616,0.0,33000000,1566000000,0.0,52000000,2435000000,0.0,184000000,3143000000,0.161826794357,2959000000,0.152353001751,0.0,2712000000,0.139635464937,748000000,1942000000,0.0999897023993,1.25,1.25,1549000000,1549000000,https://www.sec.gov/Archives/edgar/data/1413329/000141332915000058/0001413329-15-000058-index.htm,https://www.sec.gov/Archives/edgar/data/1413329/000141332915000058/pm-093015x10qxdoc.htm
2015-06-30,PM,2015-07-30,2015-07-30 07:21:44,Q2,18763000000,2378000000,16385000000,0.8732612055641422,0.0,41000000,1568000000,0.0,62000000,2440000000,0.0,185000000,3077000000,0.163992964878,2892000000,0.15413313436,0.0,2633000000,0.140329371636,743000000,1887000000,0.100570271279,1.21,1.21,1549000000,1549000000,https://www.sec.gov/Archives/edgar/data/1413329/000141332915000050/0001413329-15-000050-index.htm,https://www.sec.gov/Archives/edgar/data/1413329/000141332915000050/pm-063015x10qxdoc.htm
2015-03-31,PM,2015-05-01,2015-05-01 06:36:21,Q1,17352000000,2229000000,15123000000,0.8715421853388658,0.0,41000000,1494000000,0.0,63000000,2292000000,0.0,192000000,3063000000,0.176521438451,2871000000,0.165456431535,0.0,2596000000,0.149608114338,785000000,1795000000,0.103446288612,1.16,1.16,1548000000,1548000000,https://www.sec.gov/Archives/edgar/data/1413329/000141332915000029/0001413329-15-000029-index.htm,https://www.sec.gov/Archives/edgar/data/1413329/000141332915000029/pm-033115x10qxdoc.htm
2014-12-31,PM,2015-02-20,2015-02-20 08:39:54,FY,19941000000,2632000000,17309000000,0.8680106313625194,433000000,165000000,-28000000,0.0,624000000,3256000000,1170000000,229000000,2761000000,0.138458452435,2532000000,0.126974574996,0.0,5496000000,0.275613058523,651000000,1612000000,0.0808384734968,1.03,1.03,1566000000,1566000000,https://www.sec.gov/Archives/edgar/data/1413329/000141332915000016/0001413329-15-000016-index.htm,https://www.sec.gov/Archives/edgar/data/1413329/000141332915000016/pm12312014form10kwrapinclf.htm
2014-09-30,PM,2014-10-31,2014-10-31 10:40:30,Q3,21335000000,2734000000,18601000000,0.8718537614248887,0.0,0.0,1763000000,0.0,23000000,2757000000,0.0,233000000,3578000000,0.167705647996,3345000000,0.156784626201,0.0,1465000000,0.0686665104289,918000000,2155000000,0.101007733771,1.38,1.38,1571000000,1571000000,https://www.sec.gov/Archives/edgar/data/1413329/000141332914000048/0001413329-14-000048-index.htm,https://www.sec.gov/Archives/edgar/data/1413329/000141332914000048/pm-093014x10qxdoc.htm
2014-06-30,PM,2014-07-31,2014-07-31 08:44:41,Q2,21051000000,2696000000,18355000000,0.87193007458078,0.0,0.0,1716000000,0.0,22000000,2718000000,0.0,216000000,3090000000,0.146786375944,2874000000,0.136525580733,0.0,1803000000,0.0856491378082,752000000,1851000000,0.0879293145219,1.17,1.17,1577000000,1577000000,https://www.sec.gov/Archives/edgar/data/1413329/000141332914000039/0001413329-14-000039-index.htm,https://www.sec.gov/Archives/edgar/data/1413329/000141332914000039/pm-063014x10qxdoc.htm
2014-03-31,PM,2014-05-02,2014-05-02 08:32:53,Q1,17779000000,2374000000,15405000000,0.866471680071995,0.0,0.0,1547000000,0.0,22000000,2396000000,0.0,211000000,3162000000,0.177850272794,2951000000,0.165982338714,0.0,1886000000,0.106080206986,776000000,1875000000,0.105461499522,1.18,1.18,1583000000,1583000000,https://www.sec.gov/Archives/edgar/data/1413329/000141332914000021/0001413329-14-000021-index.htm,https://www.sec.gov/Archives/edgar/data/1413329/000141332914000021/pm-033114x10qxdoc.htm
2013-12-31,PM,2014-02-21,2014-02-21 08:40:56,FY,20390000000,2602000000,17788000000,0.872388425698872,449000000,0.0,0.0,0.0,471000000,3073000000,1104000000,223000000,3426000000,0.168023540951,3203000000,0.157086807258,0.0,2646000000,0.12976949485,893000000,1987000000,0.0974497302599,1.24,1.24,1622000000,1622000000,https://www.sec.gov/Archives/edgar/data/1413329/000141332914000012/0001413329-14-000012-index.htm,https://www.sec.gov/Archives/edgar/data/1413329/000141332914000012/pm1231201310-k.htm
2013-09-30,PM,2013-11-01,2013-11-01 08:15:26,Q3,20629000000,2618000000,18011000000,0.8730912792670512,0.0,0.0,1693000000,0.0,23000000,2641000000,0.0,218000000,3811000000,0.184739929226,3593000000,0.174172281739,0.0,1740000000,0.0843472781036,952000000,2340000000,0.113432546415,1.44,1.44,1630000000,1630000000,https://www.sec.gov/Archives/edgar/data/1413329/000141332913000063/0001413329-13-000063-index.htm,https://www.sec.gov/Archives/edgar/data/1413329/000141332913000063/es-pmx093013x10qxdoc.htm
2013-06-30,PM,2013-08-02,2013-08-02 08:39:30,Q2,20483000000,2701000000,17782000000,0.868134550602939,0.0,0.0,1855000000,0.0,24000000,2725000000,0.0,219000000,3551000000,0.173363276864,3332000000,0.162671483669,0.0,718000000,0.035053458966,892000000,2124000000,0.103695747693,1.3,1.3,1639000000,1639000000,https://www.sec.gov/Archives/edgar/data/1413329/000141332913000057/0001413329-13-000057-index.htm,https://www.sec.gov/Archives/edgar/data/1413329/000141332913000057/pm-063013x10qxdoc.htm
2013-03-31,PM,2013-05-03,2013-05-03 11:17:53,Q1,18527000000,2489000000,16038000000,0.8656555297673666,0.0,0.0,1681000000,0.0,24000000,2513000000,0.0,222000000,3609000000,0.194796783073,3387000000,0.182814271064,0.0,3151000000,0.170076105144,933000000,2125000000,0.114697468559,1.28,1.28,1646000000,1646000000,https://www.sec.gov/Archives/edgar/data/1413329/000141332913000030/0001413329-13-000030-index.htm,https://www.sec.gov/Archives/edgar/data/1413329/000141332913000030/pm-033113x10qxdoc.htm
2012-12-31,PM,2013-02-22,2013-02-22 12:13:08,FY,19742000000,2681000000,17061000000,0.8641981562151758,415000000,0.0,0.0,0.0,439000000,3120000000,1007000000,233000000,3449000000,0.174703677439,3216000000,0.162901428427,0.0,2990000000,0.151453753419,799000000,2095000000,0.106118934252,1.25,1.25,1692000000,1692000000,https://www.sec.gov/Archives/edgar/data/1413329/000141332913000019/0001413329-13-000019-index.htm,https://www.sec.gov/Archives/edgar/data/1413329/000141332913000019/pm1231201210-k.htm
2012-09-30,PM,2012-11-02,2012-11-02 13:11:55,Q3,19592000000,2584000000,17008000000,0.8681094324213965,0.0,0.0,1655000000,0.0,24000000,2608000000,0.0,216000000,3839000000,0.195947325439,3623000000,0.184922417313,0.0,3412000000,0.174152715394,1088000000,2227000000,0.113668844426,1.32,1.32,1701000000,1701000000,https://www.sec.gov/Archives/edgar/data/1413329/000141332912000010/0001413329-12-000010-index.htm,https://www.sec.gov/Archives/edgar/data/1413329/000141332912000010/pm-093012x10qxdoc.htm
2012-06-30,PM,2012-08-03,2012-08-03 09:41:33,Q2,20037000000,2666000000,17371000000,0.866946149623197,0.0,0.0,1817000000,0.0,25000000,2691000000,0.0,222000000,3826000000,0.190946748515,3604000000,0.179867245596,0.0,3395000000,0.169436542397,988000000,2317000000,0.115636073264,1.35,1.35,1710000000,1710000000,https://www.sec.gov/Archives/edgar/data/1413329/000141332912000007/0001413329-12-000007-index.htm,https://www.sec.gov/Archives/edgar/data/1413329/000141332912000007/pm-063012x10qxdoc.htm
2012-03-31,PM,2012-05-04,2012-05-04 12:27:10,Q1,18022000000,2442000000,15580000000,0.864498945732993,0.0,0.0,1571000000,0.0,24000000,2466000000,0.0,227000000,3630000000,0.201420486073,3403000000,0.188824769726,0.0,3190000000,0.1770058817,958000000,2161000000,0.119909000111,1.25,1.25,1719000000,1719000000,https://www.sec.gov/Archives/edgar/data/1413329/000141332912000004/0001413329-12-000004-index.htm,https://www.sec.gov/Archives/edgar/data/1413329/000141332912000004/pm-033112x10qxdoc.htm
2011-12-31,PM,2012-02-24,2012-02-24 09:29:03,FY,18876000000,2692000000,16184000000,0.8573850392032211,413000000,0.0,3000000.0,0.0,438000000,3130000000,934000000,250000000,3186000000,0.168785759695,2936000000,0.155541428269,0.0,2749000000,0.145634668362,803000000,1886000000,0.0999152362789,1.09,1.09,1761000000,1762000000,https://www.sec.gov/Archives/edgar/data/1413329/000119312512076983/0001193125-12-076983-index.htm,https://www.sec.gov/Archives/edgar/data/1413329/000119312512076983/d258717d10k.htm
2011-09-30,PM,2011-11-03,2011-11-03 09:45:51,Q3,20706000000,2847000000,17859000000,0.8625036221385106,0.0,0.0,1770000000,0.0,25000000,2872000000,0.0,255000000,3932000000,0.189896648314,3677000000,0.177581377379,0.0,3485000000,0.168308702791,1024000000,2377000000,0.114797643195,1.34,1.34,1771000000,1771000000,https://www.sec.gov/Archives/edgar/data/1413329/000119312511294230/0001193125-11-294230-index.htm,https://www.sec.gov/Archives/edgar/data/1413329/000119312511294230/d230686d10q.htm
2011-06-30,PM,2011-08-05,2011-08-05 08:22:09,Q2,20234000000,2844000000,17390000000,0.8594444993575171,0.0,0.0,1692000000,0.0,24000000,2868000000,0.0,249000000,3961000000,0.195759612533,3712000000,0.183453592962,0.0,3504000000,0.17317386577,1019000000,2409000000,0.119057032717,1.36,1.36,1782000000,1782000000,https://www.sec.gov/Archives/edgar/data/1413329/000119312511211399/0001193125-11-211399-index.htm,https://www.sec.gov/Archives/edgar/data/1413329/000119312511211399/d10q.htm
2011-03-31,PM,2011-05-06,2011-05-06 07:35:48,Q1,16530000000,2295000000,14235000000,0.8611615245009074,0.0,0.0,1449000000,0.0,24000000,2319000000,0.0,239000000,3246000000,0.196370235935,3007000000,0.181911675741,0.0,2794000000,0.169026013309,807000000,1919000000,0.116091954023,1.06,1.06,1793000000,1794000000,https://www.sec.gov/Archives/edgar/data/1413329/000119312511129602/0001193125-11-129602-index.htm,https://www.sec.gov/Archives/edgar/data/1413329/000119312511129602/d10q.htm
2010-12-31,PM,2011-02-25,2011-02-25 12:11:25,FY,17807000000,2501000000,15306000000,0.859549615319818,391000000,0.0,3000000.0,0.0,414000000,2915000000,974000000,255000000,2998000000,0.168360757006,2743000000,0.154040545853,0.0,2527000000,0.141910484641,717000000,1752000000,0.0983882742742,0.97,0.96,1839000000,1842000000,https://www.sec.gov/Archives/edgar/data/1413329/000119312511046772/0001193125-11-046772-index.htm,https://www.sec.gov/Archives/edgar/data/1413329/000119312511046772/d10k.htm
2010-09-30,PM,2010-11-05,2010-11-05 08:23:57,Q3,16936000000,2290000000,14646000000,0.8647850732168163,0.0,0.0,1446000000,0.0,22000000,2312000000,0.0,230000000,3066000000,0.181034482759,2836000000,0.167453944261,0.0,2622000000,0.154818138876,730000000,1822000000,0.107581483231,0.99,0.99,1849000000,1852000000,https://www.sec.gov/Archives/edgar/data/1413329/000119312510249131/0001193125-10-249131-index.htm,https://www.sec.gov/Archives/edgar/data/1413329/000119312510249131/d10q.htm
2010-06-30,PM,2010-08-06,2010-08-06 08:38:50,Q2,17383000000,2550000000,14833000000,0.8533049531151125,0.0,0.0,1582000000,0.0,23000000,2573000000,0.0,224000000,3130000000,0.180060979118,2906000000,0.167174825979,0.0,2683000000,0.154346200311,641000000,1982000000,0.114019444285,1.07,1.07,1860000000,1863000000,https://www.sec.gov/Archives/edgar/data/1413329/000119312510180456/0001193125-10-180456-index.htm,https://www.sec.gov/Archives/edgar/data/1413329/000119312510180456/d10q.htm
2010-03-31,PM,2010-05-07,2010-05-07 11:35:43,Q1,15587000000,2372000000,13215000000,0.8478219028677745,0.0,0.0,1389000000,0.0,20000000,2392000000,0.0,223000000,2938000000,0.188490408674,2715000000,0.174183614551,0.0,2492000000,0.159876820427,738000000,1703000000,0.109257714762,0.9,0.9,0.0,0.0,https://www.sec.gov/Archives/edgar/data/1413329/000119312510112303/0001193125-10-112303-index.htm,https://www.sec.gov/Archives/edgar/data/1413329/000119312510112303/d10q.htm
2009-12-31,PM,2010-02-26,2010-02-26 08:23:45,FY,65000000,11000000,54000000,0.8307692307692308,0.0,0.0,13000000,0.0,13000000,24000000,94000000,246000000,313000000,4.815384615384615,67000000,1.0307692307692307,0.0,-27000000,-0.4153846153846154,1000000.0,-28000000,-0.4307692307692308,0.0,0.0,2027755102,2036065573,https://www.sec.gov/Archives/edgar/data/1413329/000119312510041735/0001193125-10-041735-index.htm,https://www.sec.gov/Archives/edgar/data/1413329/000119312510041735/d10k.htm
2009-09-30,PM,2009-11-06,2009-11-06 07:44:05,Q3,16573000000,2320000000,14253000000,0.8600132746032704,0.0,0.0,1398000000,0.0,1398000000,3718000000,-221000000,212000000,3062000000,0.18475834188137333,2850000000,0.17196645145718942,0.0,2629000000,0.15863150908103543,775000000,1854000000,0.11186870210583479,2.45,2.44,2027755102,2036065573,https://www.sec.gov/Archives/edgar/data/1413329/000119312509226508/0001193125-09-226508-index.htm,https://www.sec.gov/Archives/edgar/data/1413329/000119312509226508/d10q.htm
2009-06-30,PM,2009-08-06,2009-08-06 09:29:59,Q2,15213000000,2185000000,13028000000,0.8563728390192599,0.0,0.0,1498000000,0.0,1498000000,3683000000,-193000000,202000000,2631000000,0.17294419246696904,2429000000,0.1596660750673766,0.0,2236000000,0.146979556957865,639000000,1597000000,0.1049760073621245,1.53,1.52,2035294117,2048684210,https://www.sec.gov/Archives/edgar/data/1413329/000119312509166510/0001193125-09-166510-index.htm,https://www.sec.gov/Archives/edgar/data/1413329/000119312509166510/d10q.htm
2009-03-31,PM,2009-05-07,2009-05-07 09:04:16,Q1,13286000000,1971000000,11315000000,0.8516483516483516,0.0,0.0,1290000000,0.0,1290000000,3261000000,-158000000,193000000,2513000000,0.18914646996838777,2320000000,0.1746199006472979,0.0,2162000000,0.16272768327562848,645000000,1517000000,0.11418034020773747,0.74,0.74,2050000000,2050000000,https://www.sec.gov/Archives/edgar/data/1413329/000119312509102676/0001193125-09-102676-index.htm,https://www.sec.gov/Archives/edgar/data/1413329/000119312509102676/d10q.htm
2008-12-31,PM,2009-02-26,2009-02-26 13:41:47,FY,13973000000,2086000000,11887000000,0.8507120875975095,0.0,0.0,1677000000,0.0,1677000000,3763000000,-106000000,217000000,2152000000,0.1540113075216489,1935000000,0.13848135690259786,0.0,1829000000,0.13089529807485867,519000000,1310000000,0.09375223645602233,3.33,3.32,2147147147,2153614457,https://www.sec.gov/Archives/edgar/data/1413329/000119312509038765/0001193125-09-038765-index.htm,https://www.sec.gov/Archives/edgar/data/1413329/000119312509038765/d10k.htm
2008-09-30,PM,2008-11-07,2008-11-07 10:01:53,Q3,17365000000,2481000000,14884000000,0.8571264036855745,0.0,0.0,1556000000,0.0,1556000000,4037000000,-69000000,221000000,3111000000,0.17915346962280448,2890000000,0.1664267204146271,0.0,2821000000,0.1624532104808523,667000000,2154000000,0.12404261445436222,2.71,2.69,2154981549,2171003717,https://www.sec.gov/Archives/edgar/data/1413329/000119312508229203/0001193125-08-229203-index.htm,https://www.sec.gov/Archives/edgar/data/1413329/000119312508229203/d10q.htm
2008-06-30,PM,2008-08-07,2008-08-07 09:32:10,Q2,16703000000,2462000000,14241000000,0.8526013291025565,0.0,0.0,1584000000,0.0,1584000000,4046000000,-61000000,203000000,2811000000,0.16829312099622823,2608000000,0.15613961563790935,0.0,2547000000,0.1524875770819613,790000000,1757000000,0.1051906843082081,1.69,1.69,2181065088,2181065088,https://www.sec.gov/Archives/edgar/data/1413329/000119312508169367/0001193125-08-169367-index.htm,https://www.sec.gov/Archives/edgar/data/1413329/000119312508169367/d10q.htm
