date,symbol,fillingDate,acceptedDate,period,revenue,costOfRevenue,grossProfit,grossProfitRatio,researchAndDevelopmentExpenses,generalAndAdministrativeExpenses,sellingAndMarketingExpenses,otherExpenses,operatingExpenses,costAndExpenses,interestExpense,depreciationAndAmortization,ebitda,ebitdaratio,operatingIncome,operatingIncomeRatio,totalOtherIncomeExpensesNet,incomeBeforeTax,incomeBeforeTaxRatio,incomeTaxExpense,netIncome,netIncomeRatio,eps,epsdiluted,weightedAverageShsOut,weightedAverageShsOutDil,link,finalLink
2019-12-31,RTN,2020-02-12,2020-02-12 16:04:56,FY,7842000000,5832000000,2010000000,0.2563121652639633,0.0,731000000,0.0,5832000000,6563000000,12395000000,-46000000,159000000,1438000000,0.18337158888038765,1279000000,0.16309614894159652,7000000.0,1064000000,0.13567967355266514,0.0,881000000,0.11234378984952818,0.0,0.0,278815489,278815489,https://www.sec.gov/Archives/edgar/data/1047122/000104712220000009/0001047122-20-000009-index.htm,https://www.sec.gov/Archives/edgar/data/1047122/000104712220000009/rtn-12312019x10k.htm
2019-09-29,RTN,2019-10-24,2019-10-24 10:05:57,Q3,7446000000,4522000000,2924000000,0.3926940639269406,0.0,741000000,0.0,152000000,893000000,6240000000,45000000,155000000,1361000000,0.182782702122,1206000000,0.161966156326,-17000000,1036000000,0.139135106097,175000000,860000000,0.115498254096,3.08,3.08,280200000,280500000,https://www.sec.gov/Archives/edgar/data/1047122/000104712219000193/0001047122-19-000193-index.htm,https://www.sec.gov/Archives/edgar/data/1047122/000104712219000193/rtn-09292019x10q.htm
2019-06-30,RTN,2019-07-25,2019-07-25 10:21:24,Q2,7159000000,8304000000,-1145000000,-0.1599385389020813,0.0,778000000,0.0,181000000,959000000,5983000000,45000000,151000000,1327000000,0.18536108395,1176000000,0.164268752619,-8000000.0,965000000,0.134795362481,152000000,817000000,0.11412208409,2.92,2.92,280800000,281000000,https://www.sec.gov/Archives/edgar/data/1047122/000104712219000173/0001047122-19-000173-index.htm,https://www.sec.gov/Archives/edgar/data/1047122/000104712219000173/rtn-06302019x10q.htm
2019-03-31,RTN,2019-04-25,2019-04-25 10:30:02,Q1,6729000000,4877000000,1852000000,0.2752266310001486,0.0,739000000,0.0,181000000,920000000,5616000000,44000000,140000000,1253000000,0.186208946352,1113000000,0.165403477486,-20000000,921000000,0.136870263041,146000000,781000000,0.116064794174,2.77,2.77,281900000,282200000,https://www.sec.gov/Archives/edgar/data/1047122/000104712219000126/0001047122-19-000126-index.htm,https://www.sec.gov/Archives/edgar/data/1047122/000104712219000126/rtn-03312019x10qq1.htm
2018-12-31,RTN,2019-02-13,2019-02-13 10:49:55,FY,7360000000,4498000000,2862000000,0.3888586956521739,841000000,753000000,0.0,5393000000,990000000,6146000000,46000000,151000000,1365000000,0.185461956522,1214000000,0.164945652174,14000000,927000000,0.125951086957,99000000,832000000,0.113043478261,2.93,2.92,286500000,286800000,https://www.sec.gov/Archives/edgar/data/1047122/000104712219000007/0001047122-19-000007-index.htm,https://www.sec.gov/Archives/edgar/data/1047122/000104712219000007/rtn-12312018x10k.htm
2018-09-30,RTN,2018-10-25,2018-10-25 11:49:16,Q3,6806000000,3970000000,2836000000,0.41669115486335584,0.0,752000000,0.0,516000000,1268000000,5623000000,45000000,143000000,1326000000,0.194828092859,1183000000,0.1738172201,-8000000.0,636000000,0.093446958566,-5000000.0,644000000,0.0946223920071,2.25,2.26,287200000,287500000,https://www.sec.gov/Archives/edgar/data/1047122/000104712218000221/0001047122-18-000221-index.htm,https://www.sec.gov/Archives/edgar/data/1047122/000104712218000221/rtn-09302018x10q.htm
2018-07-01,RTN,2018-07-26,2018-07-26 10:15:20,Q2,6625000000,3903000000,2722000000,0.4108679245283019,0.0,748000000,0.0,238000000,986000000,5525000000,46000000,139000000,1239000000,0.187018867925,1100000000,0.166037735849,-3000000.0,827000000,0.124830188679,37000000,800000000,0.120754716981,2.78,2.78,287900000,288200000,https://www.sec.gov/Archives/edgar/data/1047122/000104712218000201/0001047122-18-000201-index.htm,https://www.sec.gov/Archives/edgar/data/1047122/000104712218000201/rtn-07012018x10q.htm
2018-04-01,RTN,2018-04-26,2018-04-26 10:11:46,Q1,6267000000,3737000000,2530000000,0.40370193074836447,0.0,694000000,0.0,239000000,933000000,5226000000,47000000,135000000,1176000000,0.187649593107,1041000000,0.166108185735,5000000.0,757000000,0.120791447263,133000000,633000000,0.101005265677,2.2,2.19,288500000,288800000,https://www.sec.gov/Archives/edgar/data/1047122/000104712218000128/0001047122-18-000128-index.htm,https://www.sec.gov/Archives/edgar/data/1047122/000104712218000128/rtn-04012018x10qq1.htm
2017-12-31,RTN,2018-02-14,2018-02-14 10:22:29,FY,6783000000,4341000000,2442000000,0.36001769128704114,734000000,742000000,0.0,5171000000,742000000,5913000000,48000000,149000000,1019000000,0.150228512458,870000000,0.128261831048,-5000000.0,834000000,0.122954444936,447000000,393000000,0.0579389650597,1.36,1.35,291100000,291400000,https://www.sec.gov/Archives/edgar/data/1047122/000104712218000022/0001047122-18-000022-index.htm,https://www.sec.gov/Archives/edgar/data/1047122/000104712218000022/rtn-12312017x10k.htm
2017-10-01,RTN,2017-10-26,2017-10-26 10:14:26,Q3,6284000000,3898000000,2386000000,0.37969446212603436,0.0,736000000,0.0,4690000000,736000000,5426000000,48000000,138000000,996000000,0.15849777212,858000000,0.136537237428,-2000000.0,816000000,0.129853596435,248000000,572000000,0.0910248249523,1.97,1.97,291600000,291900000,https://www.sec.gov/Archives/edgar/data/1047122/000104712217000171/0001047122-17-000171-index.htm,https://www.sec.gov/Archives/edgar/data/1047122/000104712217000171/rtn-10012017x10q.htm
2017-07-02,RTN,2017-07-27,2017-07-27 10:08:21,Q2,6281000000,3877000000,2404000000,0.3827416016557873,0.0,747000000,0.0,4685000000,747000000,5432000000,51000000,133000000,982000000,0.156344531126,849000000,0.135169558987,35000000,768000000,0.122273523324,221000000,553000000,0.0880433052062,1.89,1.89,292100000,292400000,https://www.sec.gov/Archives/edgar/data/1047122/000104712217000148/0001047122-17-000148-index.htm,https://www.sec.gov/Archives/edgar/data/1047122/000104712217000148/rtn-07022017x10q.htm
2017-04-02,RTN,2017-04-27,2017-04-27 12:18:01,Q1,6000000000,3756000000,2244000000,0.374,0.0,729000000,0.0,4530000000,729000000,5259000000,58000000,130000000,871000000,0.145166666667,741000000,0.1235,-7000000.0,695000000,0.115833333333,198000000,506000000,0.0843333333333,1.74,1.74,292500000,292800000,https://www.sec.gov/Archives/edgar/data/1047122/000104712217000090/0001047122-17-000090-index.htm,https://www.sec.gov/Archives/edgar/data/1047122/000104712217000090/rtn-04022017x10q.htm
2016-12-31,RTN,2017-02-15,2017-02-15 09:05:54,FY,6238000000,3878000000,2360000000,0.37832638666239177,755000000,721000000,0.0,4655000000,721000000,5376000000,58000000,138000000,1000000000,0.160307790959,862000000,0.138185315806,1000000.0,807000000,0.129368387304,266000000,544000000,0.0872074382815,1.84,1.84,296500000,296800000,https://www.sec.gov/Archives/edgar/data/1047122/000104712217000018/0001047122-17-000018-index.htm,https://www.sec.gov/Archives/edgar/data/1047122/000104712217000018/rtn-12312016x10k.htm
2016-10-02,RTN,2016-10-27,2016-10-27 10:24:42,Q3,6033000000,3725000000,2308000000,0.38256257251781867,0.0,715000000,0.0,4512000000,715000000,5227000000,58000000,130000000,936000000,0.155146693187,806000000,0.133598541356,-4000000.0,756000000,0.125310790651,233000000,529000000,0.0876844024532,1.8,1.79,297200000,297500000,https://www.sec.gov/Archives/edgar/data/1047122/000104712216000329/0001047122-16-000329-index.htm,https://www.sec.gov/Archives/edgar/data/1047122/000104712216000329/rtn-10022016x10q.htm
2016-07-03,RTN,2016-07-28,2016-07-28 10:09:11,Q2,6035000000,3566000000,2469000000,0.40911350455675227,0.0,695000000,0.0,4380000000,695000000,5075000000,58000000,123000000,1083000000,0.179453189727,960000000,0.159072079536,-1000000.0,907000000,0.150289975145,202000000,709000000,0.117481358741,2.38,2.38,298200000,298600000,https://www.sec.gov/Archives/edgar/data/1047122/000104712216000311/0001047122-16-000311-index.htm,https://www.sec.gov/Archives/edgar/data/1047122/000104712216000311/rtn-07032016x10q.htm
2016-04-03,RTN,2016-04-28,2016-04-28 10:11:40,Q1,5763000000,3598000000,2165000000,0.37567239285094567,0.0,751000000,0.0,4400000000,751000000,5151000000,58000000,124000000,736000000,0.127711261496,612000000,0.106194690265,-2000000.0,560000000,0.0971716120076,156000000,429000000,0.0744403956273,1.43,1.43,299200000,299600000,https://www.sec.gov/Archives/edgar/data/1047122/000104712216000254/0001047122-16-000254-index.htm,https://www.sec.gov/Archives/edgar/data/1047122/000104712216000254/rtn-04032016x10q.htm
2015-12-31,RTN,2016-02-10,2016-02-10 08:47:56,FY,6328000000,3989000000,2339000000,0.3696270543615676,706000000,692000000,0.0,4808000000,692000000,5500000000,58000000,136000000,964000000,0.152338811631,828000000,0.130847029077,-2000000.0,774000000,0.122313527181,220000000,571000000,0.0902338811631,1.89,1.89,304800000,304800000,https://www.sec.gov/Archives/edgar/data/1047122/000104712216000210/0001047122-16-000210-index.htm,https://www.sec.gov/Archives/edgar/data/1047122/000104712216000210/rtn-1231201510k.htm
2015-09-27,RTN,2015-10-22,2015-10-22 10:05:13,Q3,5783000000,3635000000,2148000000,0.37143351201798375,0.0,678000000,0.0,4408000000,678000000,5086000000,58000000,130000000,827000000,0.14300536054,697000000,0.120525678713,9000000.0,633000000,0.10945875843,189000000,447000000,0.0772955213557,1.48,1.47,305800000,306200000,https://www.sec.gov/Archives/edgar/data/1047122/000104712215000196/0001047122-15-000196-index.htm,https://www.sec.gov/Archives/edgar/data/1047122/000104712215000196/rtn-09272015x10q.htm
2015-06-28,RTN,2015-07-23,2015-07-23 10:05:51,Q2,5848000000,3727000000,2121000000,0.36268809849521205,0.0,675000000,0.0,4525000000,675000000,5200000000,59000000,116000000,764000000,0.130642954856,648000000,0.110807113543,-1000000.0,592000000,0.10123119015,90000000,505000000,0.0863543091655,1.65,1.65,306800000,307200000,https://www.sec.gov/Archives/edgar/data/1047122/000104712215000170/0001047122-15-000170-index.htm,https://www.sec.gov/Archives/edgar/data/1047122/000104712215000170/rtn-06282015x10q.htm
2015-03-29,RTN,2015-04-23,2015-04-23 10:16:17,Q1,5288000000,3096000000,2192000000,0.4145234493192133,0.0,615000000,0.0,3833000000,615000000,4448000000,58000000,107000000,947000000,0.179084720121,840000000,0.158850226929,-2000000.0,788000000,0.149016641452,234000000,551000000,0.104198184569,1.79,1.79,308200000,308600000,https://www.sec.gov/Archives/edgar/data/1047122/000104712215000091/0001047122-15-000091-index.htm,https://www.sec.gov/Archives/edgar/data/1047122/000104712215000091/rtn-03292015x10q.htm
2014-12-31,RTN,2015-02-11,2015-02-11 08:33:29,FY,6143000000,3925000000,2218000000,0.36106137066579846,500000000,612000000,0.0,4662000000,612000000,5274000000,55000000,112000000,981000000,0.159693960606,869000000,0.141461826469,-2000000.0,818000000,0.133159693961,238000000,582000000,0.0947419827446,1.88,1.88,312000000,312600000,https://www.sec.gov/Archives/edgar/data/1047122/000104712215000026/0001047122-15-000026-index.htm,https://www.sec.gov/Archives/edgar/data/1047122/000104712215000026/rtn-1231201410k.htm
2014-09-28,RTN,2014-10-23,2014-10-23 10:08:29,Q3,5474000000,3418000000,2056000000,0.37559371574716843,0.0,540000000,0.0,4171000000,540000000,4711000000,53000000,111000000,874000000,0.159663865546,763000000,0.139386189258,1000000.0,712000000,0.130069419072,193000000,515000000,0.0940811107052,1.66,1.65,312900000,313600000,https://www.sec.gov/Archives/edgar/data/1047122/000104712214000215/0001047122-14-000215-index.htm,https://www.sec.gov/Archives/edgar/data/1047122/000104712214000215/rtn-09282014x10q.htm
2014-06-29,RTN,2014-07-24,2014-07-24 10:24:24,Q2,5701000000,3526000000,2175000000,0.3815120154358884,0.0,641000000,0.0,4301000000,641000000,4942000000,54000000,109000000,868000000,0.152253990528,759000000,0.1331345378,-6000000.0,713000000,0.125065777934,212000000,551000000,0.0966497105771,1.76,1.76,313900000,314600000,https://www.sec.gov/Archives/edgar/data/1047122/000104712214000183/0001047122-14-000183-index.htm,https://www.sec.gov/Archives/edgar/data/1047122/000104712214000183/rtn-06292014x10q.htm
2014-03-30,RTN,2014-04-24,2014-04-24 10:14:59,Q1,5508000000,3391000000,2117000000,0.3843500363108206,0.0,559000000,0.0,4161000000,559000000,4720000000,51000000,107000000,895000000,0.162490922295,788000000,0.143064633261,-48000000,740000000,0.134350036311,147000000,596000000,0.108206245461,1.89,1.89,315000000,315800000,https://www.sec.gov/Archives/edgar/data/1047122/000104712214000061/0001047122-14-000061-index.htm,https://www.sec.gov/Archives/edgar/data/1047122/000104712214000061/rtn-3302014x10q.htm
2013-12-31,RTN,2014-02-11,2014-02-11 16:14:06,FY,5870000000,3845000000,2025000000,0.34497444633730834,-500000000,1021000000,-1215000000,4640000000,521000000,5161000000,51000000,113000000,822000000,0.14003407155,709000000,0.120783645656,-8000000.0,669000000,0.113969335605,200000000,531000000,0.0904599659284,1.66,1.66,323400000,324200000,https://www.sec.gov/Archives/edgar/data/1047122/000104712214000013/0001047122-14-000013-index.htm,https://www.sec.gov/Archives/edgar/data/1047122/000104712214000013/rtn-1231201310k.htm
2013-09-29,RTN,2013-10-24,2013-10-24 10:36:26,Q3,5842000000,3718000000,2124000000,0.36357411845258475,164000000,387000000,387000000,4534000000,551000000,5085000000,53000000,111000000,868000000,0.14857925368,757000000,0.129578911332,-5000000.0,712000000,0.121876069839,221000000,489000000,0.0837042108867,1.52,1.51,324900000,325700000,https://www.sec.gov/Archives/edgar/data/1047122/000104712213000185/0001047122-13-000185-index.htm,https://www.sec.gov/Archives/edgar/data/1047122/000104712213000185/rtn-09292013x10q.htm
2013-06-30,RTN,2013-07-25,2013-07-25 10:08:08,Q2,6115000000,3929000000,2186000000,0.35748160261651674,176000000,420000000,420000000,4753000000,596000000,5349000000,53000000,113000000,879000000,0.143744889616,766000000,0.125265739984,3000000.0,713000000,0.116598528209,220000000,488000000,0.0798037612428,1.5,1.5,326100000,326900000,https://www.sec.gov/Archives/edgar/data/1047122/000104712213000157/0001047122-13-000157-index.htm,https://www.sec.gov/Archives/edgar/data/1047122/000104712213000157/rtn-06302013x10q.htm
2013-03-31,RTN,2013-04-25,2013-04-25 10:11:30,Q1,5879000000,3800000000,2079000000,0.3536315699948971,160000000,408000000,408000000,4605000000,568000000,5173000000,53000000,108000000,814000000,0.138458921585,706000000,0.120088450417,-7000000.0,663000000,0.11277428134,167000000,488000000,0.0830073141691,1.49,1.49,327400000,328200000,https://www.sec.gov/Archives/edgar/data/1047122/000104712213000058/0001047122-13-000058-index.htm,https://www.sec.gov/Archives/edgar/data/1047122/000104712213000058/rtn-03312013x10q.htm
2012-12-31,RTN,2013-02-13,2013-02-13 08:05:12,FY,6439000000,4274000000,2165000000,0.33623233421338716,161000000,431000000,431000000,5092000000,592000000,5684000000,52000000,114000000,869000000,0.134958844541,755000000,0.117254232024,28000000,678000000,0.105295853393,210000000,469000000,0.0728373971114,1.42,1.42,333200000,334200000,https://www.sec.gov/Archives/edgar/data/1047122/000104712213000015/0001047122-13-000015-index.htm,https://www.sec.gov/Archives/edgar/data/1047122/000104712213000015/rtn-12312012x10k.htm
2012-09-30,RTN,2012-10-25,2012-10-25 15:22:38,Q3,6045000000,3848000000,2197000000,0.3634408602150538,181000000,389000000,389000000,4689000000,570000000,5259000000,49000000,113000000,899000000,0.148717948718,786000000,0.130024813896,-5000000.0,745000000,0.123242349049,237000000,500000000,0.0827129859388,1.51,1.5,334300000,335400000,https://www.sec.gov/Archives/edgar/data/1047122/000104712212000186/0001047122-12-000186-index.htm,https://www.sec.gov/Archives/edgar/data/1047122/000104712212000186/rtn-09302012x10q.htm
2012-07-01,RTN,2012-07-26,2012-07-26 10:07:26,Q2,5992000000,3805000000,2187000000,0.36498664886515353,194000000,404000000,404000000,4652000000,598000000,5250000000,50000000,116000000,858000000,0.143190921228,742000000,0.123831775701,3000000.0,690000000,0.115153538051,219000000,471000000,0.0786048064085,1.41,1.41,335400000,336500000,https://www.sec.gov/Archives/edgar/data/1047122/000104712212000167/0001047122-12-000167-index.htm,https://www.sec.gov/Archives/edgar/data/1047122/000104712212000167/rtn-07012012x10q.htm
2012-04-01,RTN,2012-04-26,2012-04-26 10:44:34,Q1,5938000000,3785000000,2153000000,0.36257999326372514,168000000,405000000,405000000,4659000000,573000000,5232000000,50000000,112000000,818000000,0.137756820478,706000000,0.118895250926,-8000000.0,666000000,0.112158976086,212000000,448000000,0.0754462782082,1.33,1.32,337500000,338700000,https://www.sec.gov/Archives/edgar/data/1047122/000104712212000064/0001047122-12-000064-index.htm,https://www.sec.gov/Archives/edgar/data/1047122/000104712212000064/rtn-04012012x10q.htm
2011-12-31,RTN,2012-02-22,2012-02-22 16:37:34,FY,6441000000,4089000000,2352000000,0.36516068933395435,171000000,385000000,385000000,-14660000000,556000000,5581000000,45000000,116000000,976000000,0.151529265642,860000000,0.133519639807,-3000000.0,821000000,0.127464679398,266000000,543000000,0.0843036795529,1.57,1.57,351700000,353600000,https://www.sec.gov/Archives/edgar/data/1047122/000104712212000044/0001047122-12-000044-index.htm,https://www.sec.gov/Archives/edgar/data/1047122/000104712212000044/rtn-12312011x10k.htm
2011-10-02,RTN,2011-10-27,2011-10-27 11:04:52,Q3,6132000000,3982000000,2150000000,0.35061969993476844,153000000,428000000,428000000,4826000000,581000000,5407000000,41000000,113000000,838000000,0.136660143509,725000000,0.118232224397,78000000,675000000,0.110078277886,166000000,501000000,0.0817025440313,1.42,1.42,354300000,356400000,https://www.sec.gov/Archives/edgar/data/1047122/000104712211000144/0001047122-11-000144-index.htm,https://www.sec.gov/Archives/edgar/data/1047122/000104712211000144/rtn-9302011x10q.htm
2011-07-03,RTN,2011-07-28,2011-07-28 11:35:18,Q2,6222000000,4139000000,2083000000,0.33477981356477016,162000000,437000000,437000000,4942000000,599000000,5541000000,43000000,112000000,793000000,0.127450980392,681000000,0.109450337512,1000000.0,641000000,0.103021536483,196000000,438000000,0.0703953712633,1.24,1.23,356200000,358900000,https://www.sec.gov/Archives/edgar/data/1047122/000119312511200221/0001193125-11-200221-index.htm,https://www.sec.gov/Archives/edgar/data/1047122/000119312511200221/d10q.htm
2011-04-03,RTN,2011-04-28,2011-04-28 12:20:45,Q1,6062000000,4065000000,1997000000,0.32942923127680634,139000000,428000000,428000000,4904000000,567000000,5471000000,43000000,106000000,697000000,0.114978554932,591000000,0.0974925767074,-38000000,553000000,0.0912240184758,165000000,384000000,0.063345430551,1.07,1.06,357400000,360800000,https://www.sec.gov/Archives/edgar/data/1047122/000119312511114019/0001193125-11-114019-index.htm,https://www.sec.gov/Archives/edgar/data/1047122/000119312511114019/d10q.htm
2010-12-31,RTN,2011-02-23,2011-02-23 09:09:43,FY,25183000000,17022000000,8161000000,0.3240678235317476,625000000,1648000000,432000000,5506000000,2273000000,22576000000,126000000,420000000,3027000000,0.120200135012,2607000000,0.103522217369,67000000,2432000000,0.0965730850177,589000000,1840000000,0.0730651630068,4.94,4.88,372700000,377000000,https://www.sec.gov/Archives/edgar/data/1047122/000119312511043015/0001193125-11-043015-index.htm,https://www.sec.gov/Archives/edgar/data/1047122/000119312511043015/d10k.htm
2010-10-26,RTN,2010-10-28,2010-10-28 10:37:41,Q3,6272000000,4975000000,1297000000,0.2067920918367347,154000000,-822000000,394000000,4975000000,5523000000,10498000000,-65000000,-206000000,543000000,0.104772991851,749000000,0.087643439215,63000000,726000000,0.0824047896225,-311000000,737000000,0.0542990187926,-1.73,-1.7,0.0,0.0,https://www.sec.gov/Archives/edgar/data/1047122/000119312510239131/0001193125-10-239131-index.htm,https://www.sec.gov/Archives/edgar/data/1047122/000119312510239131/d10q.htm
2010-06-27,RTN,2010-07-29,2010-07-29 12:11:07,Q2,5973000000,4245000000,1728000000,0.28930185836263184,176000000,414000000,414000000,5038000000,590000000,5628000000,33000000,103000000,448000000,0.0750041855014,345000000,0.0577599196384,6000000.0,310000000,0.0519002176461,91000000,208000000,0.0348233718399,0.55,0.54,378100000,383700000,https://www.sec.gov/Archives/edgar/data/1047122/000119312510170267/0001193125-10-170267-index.htm,https://www.sec.gov/Archives/edgar/data/1047122/000119312510170267/d10q.htm
2010-03-28,RTN,2010-04-22,2010-04-22 10:38:03,Q1,6053000000,4062000000,1991000000,0.32892780439451513,152000000,408000000,408000000,4784000000,560000000,5344000000,32000000,103000000,812000000,0.134148356187,709000000,0.117132000661,-1000000.0,681000000,0.112506195275,220000000,445000000,0.0735172641665,1.18,1.16,398387096,398387096,https://www.sec.gov/Archives/edgar/data/1047122/000119312510089671/0001193125-10-089671-index.htm,https://www.sec.gov/Archives/edgar/data/1047122/000119312510089671/d10q.htm
2009-12-31,RTN,2010-02-24,2010-02-24 10:09:09,FY,6667000000,5317000000,1350000000,0.2024898755062247,158000000,0.0,392000000,5317000000,5867000000,11184000000,-28000000,107000000,907000000,0.136043197840108,800000000,0.119994000299985,18000000,754000000,0.11309434528273586,0.0,517000000,0.07754612269386531,4.96,4.96,398387096,398387096,https://www.sec.gov/Archives/edgar/data/1047122/000119312510038391/0001193125-10-038391-index.htm,https://www.sec.gov/Archives/edgar/data/1047122/000119312510038391/d10k.htm
2009-09-27,RTN,2009-10-22,2009-10-22 17:23:10,Q3,18214000000,4894000000,13320000000,0.7313055891072802,145000000,0.0,401000000,4894000000,5440000000,10334000000,-32000000,101000000,866000000,0.04754584385637422,765000000,0.04200065883386406,-10000000,747000000,0.04101240803777314,0.0,498000000,0.027341605358515427,3.64,3.64,400824175,400824175,https://www.sec.gov/Archives/edgar/data/1047122/000119312509212087/0001193125-09-212087-index.htm,https://www.sec.gov/Archives/edgar/data/1047122/000119312509212087/d10q.htm
2009-06-28,RTN,2009-07-23,2009-07-23 11:48:03,Q2,0.0,9536000000,-9536000000,0.0,262000000,0.0,734000000,9536000000,10532000000,20068000000,-63000000,97000000,1574000000,0.0,1477000000,0.0,-8000000.0,1429000000,0.0,0.0,961000000,0.0,2.38,2.38,403781512,403781512,https://www.sec.gov/Archives/edgar/data/1047122/000119312509153752/0001193125-09-153752-index.htm,https://www.sec.gov/Archives/edgar/data/1047122/000119312509153752/d10q.htm
2009-03-29,RTN,2009-04-23,2009-04-23 11:01:56,Q1,5884000000,4697000000,1187000000,0.20173351461590755,111000000,0.0,364000000,4697000000,5172000000,9869000000,-32000000,97000000,809000000,0.13749150237933377,712000000,0.12100611828687967,0.0,679000000,0.1153976886471788,0.0,460000000,0.07817811012916383,1.12,1.12,410714285,410714285,https://www.sec.gov/Archives/edgar/data/1047122/000119312509085370/0001193125-09-085370-index.htm,https://www.sec.gov/Archives/edgar/data/1047122/000119312509085370/d10q.htm
2008-12-31,RTN,2009-02-25,2009-02-25 11:08:04,FY,6086000000,4910000000,1176000000,0.19323036477160696,138000000,0.0,392000000,4910000000,5440000000,10350000000,-32000000,102000000,748000000,0.12290502793296089,646000000,0.10614525139664804,33000000,610000000,0.10023003614853762,0.0,421000000,0.06917515609595794,4.07,3.95,410810810,423291139,https://www.sec.gov/Archives/edgar/data/1047122/000119312509037012/0001193125-09-037012-index.htm,https://www.sec.gov/Archives/edgar/data/1047122/000119312509037012/d10k.htm
2008-09-28,RTN,2008-10-23,2008-10-23 12:25:03,Q3,5864000000,4674000000,1190000000,0.20293315143246932,130000000,0.0,380000000,4674000000,5184000000,9858000000,-29000000,99000000,779000000,0.1328444747612551,680000000,0.11596180081855388,-3000000.0,649000000,0.11067530695770805,0.0,427000000,0.07281718963165075,3.03,2.93,412871287,426962457,https://www.sec.gov/Archives/edgar/data/1047122/000119312508215003/0001193125-08-215003-index.htm,https://www.sec.gov/Archives/edgar/data/1047122/000119312508215003/d10q.htm
2008-06-29,RTN,2008-07-24,2008-07-24 10:02:38,Q2,5870000000,4670000000,1200000000,0.20442930153321975,142000000,0.0,396000000,4670000000,5208000000,9878000000,-34000000,97000000,759000000,0.1293015332197615,662000000,0.11277683134582624,3000000.0,647000000,0.11022146507666099,0.0,426000000,0.07257240204429302,1.99,1.92,414070351,429166666,https://www.sec.gov/Archives/edgar/data/1047122/000119312508156934/0001193125-08-156934-index.htm,https://www.sec.gov/Archives/edgar/data/1047122/000119312508156934/d10q.htm
2008-03-30,RTN,2008-04-24,2008-04-24 10:35:17,Q1,5354000000,4259000000,1095000000,0.20451998505790064,107000000,0.0,380000000,4259000000,4746000000,9005000000,-34000000,92000000,700000000,0.1307433694434068,608000000,0.1135599551737019,0.0,592000000,0.11057153530070975,0.0,398000000,0.07433694434067986,0.96,0.93,414583333,427956989,https://www.sec.gov/Archives/edgar/data/1047122/000119312508088859/0001193125-08-088859-index.htm,https://www.sec.gov/Archives/edgar/data/1047122/000119312508088859/d10q.htm
2007-12-31,RTN,2008-02-27,2008-02-27 13:39:54,FY,5599000000,4454000000,1145000000,0.2045008037149491,125000000,0.0,267000000,4454000000,4846000000,9300000000,-41000000,88000000,841000000,0.15020539382032505,753000000,0.13448830148240756,2000000.0,746000000,0.13323807822825504,0.0,598000000,0.10680478656903018,3.91,3.8,659335038,678421052,https://www.sec.gov/Archives/edgar/data/1047122/000119312508039853/0001193125-08-039853-index.htm,https://www.sec.gov/Archives/edgar/data/1047122/000119312508039853/d10k.htm
2007-09-23,RTN,2007-10-25,2007-10-25 12:36:03,Q3,5355000000,4276000000,1079000000,0.20149393090569562,142000000,0.0,460000000,4276000000,4878000000,9154000000,-41000000,98000000,575000000,0.10737628384687208,477000000,0.08907563025210084,9000000.0,469000000,0.08758169934640522,0.0,299000000,0.055835667600373486,2.23,2.17,887892376,912442396,https://www.sec.gov/Archives/edgar/data/1047122/000119312507225579/0001193125-07-225579-index.htm,https://www.sec.gov/Archives/edgar/data/1047122/000119312507225579/d10q.htm
2007-06-24,RTN,2007-07-26,2007-07-26 11:47:51,Q2,5419000000,4326000000,1093000000,0.20169773020852555,138000000,0.0,367000000,4326000000,4831000000,9157000000,-54000000,97000000,685000000,0.12640708617826169,588000000,0.1085071046318509,56000000,535000000,0.09872670234360584,0.0,1335000000,0.24635541612843698,1.53,1.49,1098692810,1128187919,https://www.sec.gov/Archives/edgar/data/1047122/000119312507162623/0001193125-07-162623-index.htm,https://www.sec.gov/Archives/edgar/data/1047122/000119312507162623/d10q.htm
2007-03-25,RTN,2007-04-25,2007-04-25 10:59:04,Q1,4928000000,3981000000,947000000,0.1921672077922078,97000000,0.0,340000000,3981000000,4418000000,8399000000,-60000000,89000000,599000000,0.12155032467532467,510000000,0.10349025974025974,3000000.0,475000000,0.09638798701298701,0.0,346000000,0.07021103896103896,0.71,0.69,487323943,501449275,https://www.sec.gov/Archives/edgar/data/1047122/000119312507089721/0001193125-07-089721-index.htm,https://www.sec.gov/Archives/edgar/data/1047122/000119312507089721/d10q.htm
2006-12-31,RTN,2007-02-22,2007-02-22 17:18:16,FY,3735000000,3036000000,699000000,0.18714859437751005,64000000,0.0,298000000,3036000000,3398000000,6434000000,-72000000,32000000,369000000,0.09879518072289156,337000000,0.09022757697456493,-2000000.0,286000000,0.07657295850066935,0.0,365000000,0.09772423025435073,2.51,2.46,511155378,521544715,https://www.sec.gov/Archives/edgar/data/1047122/000119312507037249/0001193125-07-037249-index.htm,https://www.sec.gov/Archives/edgar/data/1047122/000119312507037249/d10k.htm
2006-09-24,RTN,2006-10-26,2006-10-26 12:54:57,Q3,5693000000,4656000000,1037000000,0.1821535218689619,127000000,0.0,373000000,4656000000,5156000000,9812000000,-64000000,113000000,650000000,0.11417530300368874,537000000,0.09432636571227823,-3000000.0,493000000,0.08659757597049007,0.0,321000000,0.0563850342525909,2.09,2.05,439234449,447804878,https://www.sec.gov/Archives/edgar/data/1047122/000119312506215624/0001193125-06-215624-index.htm,https://www.sec.gov/Archives/edgar/data/1047122/000119312506215624/d10q.htm
2006-06-25,RTN,2006-07-27,2006-07-27 14:06:54,Q2,5711000000,4655000000,1056000000,0.1849063211346524,154000000,0.0,390000000,4655000000,5199000000,9854000000,-69000000,117000000,629000000,0.1101383295394852,512000000,0.0896515496410436,-12000000,472000000,0.08264752232533706,0.0,310000000,0.05428121169672562,1.36,1.33,438970588,448872180,https://www.sec.gov/Archives/edgar/data/1047122/000119312506154741/0001193125-06-154741-index.htm,https://www.sec.gov/Archives/edgar/data/1047122/000119312506154741/d10q.htm
2006-03-26,RTN,2006-04-27,2006-04-27 15:04:58,Q1,5152000000,4218000000,934000000,0.18128881987577639,119000000,0.0,361000000,4218000000,4698000000,8916000000,-68000000,111000000,565000000,0.10966614906832298,454000000,0.08812111801242237,-27000000,437000000,0.08482142857142858,0.0,287000000,0.05570652173913043,0.65,0.64,441538461,448437500,https://www.sec.gov/Archives/edgar/data/1047122/000119312506090884/0001193125-06-090884-index.htm,https://www.sec.gov/Archives/edgar/data/1047122/000119312506090884/d10q.htm
2005-12-31,RTN,2006-03-02,2006-03-01 19:01:06,FY,6210000000,5177000000,1033000000,0.16634460547504026,143000000,0.0,421000000,-13066000000,-14219000000,-9042000000,-75000000,117000000,586000000,0.09436392914653784,469000000,0.07552334943639291,-26000000,434000000,0.06988727858293076,0.0,276000000,0.044444444444444446,2.11,2.08,412796208,418750000,https://www.sec.gov/Archives/edgar/data/1047122/000119312506042984/0001193125-06-042984-index.htm,https://www.sec.gov/Archives/edgar/data/1047122/000119312506042984/d10k.htm
2005-09-25,RTN,2005-10-27,2005-10-27 16:20:49,Q3,5331000000,4445000000,886000000,0.1661977114987807,124000000,0.0,348000000,4445000000,4917000000,9362000000,-79000000,109000000,523000000,0.09810542112174077,414000000,0.07765897580191333,13000000,353000000,0.06621646970549615,0.0,228000000,0.04276871131119865,1.47,1.45,404761904,410344827,https://www.sec.gov/Archives/edgar/data/1047122/000119312505209989/0001193125-05-209989-index.htm,https://www.sec.gov/Archives/edgar/data/1047122/000119312505209989/d10q.htm
2005-06-26,RTN,2005-07-28,2005-07-28 11:03:23,Q2,5409000000,4490000000,919000000,0.16990201515991865,136000000,0.0,356000000,4490000000,4982000000,9472000000,-82000000,110000000,537000000,0.0992789794786467,427000000,0.07894250323534849,0.0,357000000,0.06600110926234054,0.0,201000000,0.03716028840820854,0.95,0.94,386315789,390425531,https://www.sec.gov/Archives/edgar/data/1047122/000119312505150910/0001193125-05-150910-index.htm,https://www.sec.gov/Archives/edgar/data/1047122/000119312505150910/d10q.htm
2005-03-27,RTN,2005-04-29,2005-04-28 18:29:51,Q1,4944000000,4118000000,826000000,0.16707119741100324,100000000,0.0,349000000,4118000000,4567000000,8685000000,-76000000,108000000,485000000,0.09809870550161812,377000000,0.07625404530744337,0.0,296000000,0.059870550161812294,0.0,166000000,0.03357605177993527,0.43,0.43,386046511,386046511,https://www.sec.gov/Archives/edgar/data/1047122/000119312505088933/0001193125-05-088933-index.htm,https://www.sec.gov/Archives/edgar/data/1047122/000119312505088933/d10q.htm
2004-12-31,RTN,2005-03-15,2005-03-15 13:18:31,FY,5704000000,4727000000,977000000,0.17128330995792426,126000000,0.0,411000000,4727000000,5264000000,9991000000,-92000000,113000000,553000000,0.09694950911640954,440000000,0.07713884992987377,0.0,292000000,0.05119214586255259,0.0,245000000,0.0429523141654979,1.0,0.99,417000000,421212121,https://www.sec.gov/Archives/edgar/data/1047122/000119312505050699/0001193125-05-050699-index.htm,https://www.sec.gov/Archives/edgar/data/1047122/000119312505050699/d10k.htm
2004-09-26,RTN,2004-10-28,2004-10-28 13:05:17,Q3,4936000000,4117000000,819000000,0.16592382495948135,123000000,0.0,339000000,4117000000,4579000000,8696000000,-100000000,112000000,469000000,0.09501620745542949,357000000,0.0723257698541329,-363000000,263000000,0.05328200972447326,0.0,152000000,0.03079416531604538,0.44,0.44,390909090,390909090,https://www.sec.gov/Archives/edgar/data/1047122/000119312504180330/0001193125-04-180330-index.htm,https://www.sec.gov/Archives/edgar/data/1047122/000119312504180330/d10q.htm
2004-06-27,RTN,2004-07-29,2004-07-29 11:22:59,Q2,4929000000,4105000000,824000000,0.16717386893893285,127000000,0.0,357000000,4105000000,4589000000,8694000000,-109000000,108000000,448000000,0.09089064719009941,340000000,0.06897950902820045,363000000,-122000000,-0.02475147088658957,0.0,-108000000,-0.021911138161898967,0.02,0.02,1000000000,1000000000,https://www.sec.gov/Archives/edgar/data/1047122/000119312504126930/0001193125-04-126930-index.htm,https://www.sec.gov/Archives/edgar/data/1047122/000119312504126930/d10q.htm
2004-03-28,RTN,2004-04-29,2004-04-29 10:05:43,Q1,4676000000,3984000000,692000000,0.14798973481608213,115000000,0.0,326000000,3984000000,4425000000,8409000000,-117000000,101000000,352000000,0.07527801539777587,251000000,0.05367835757057314,0.0,146000000,0.03122326775021386,0.0,128000000,0.02737382378100941,0.24,0.24,533333333,533333333,https://www.sec.gov/Archives/edgar/data/1047122/000119312504073219/0001193125-04-073219-index.htm,https://www.sec.gov/Archives/edgar/data/1047122/000119312504073219/d10q.htm
2003-12-31,RTN,2004-03-15,2004-03-15 14:53:06,FY,5101000000,4174000000,927000000,0.1817290727308371,121000000,0.0,354000000,4174000000,4649000000,8823000000,-122000000,114000000,566000000,0.11095863556165458,452000000,0.08861007645559695,0.0,307000000,0.0601842775926289,0.0,205000000,0.04018819839247206,1.3,1.29,280769230,282945736,https://www.sec.gov/Archives/edgar/data/1047122/000119312504042073/0001193125-04-042073-index.htm,https://www.sec.gov/Archives/edgar/data/1047122/000119312504042073/d10k.htm
2003-09-28,RTN,2003-11-12,2003-11-12 13:12:35,Q3,4378000000,3776000000,602000000,0.13750571037003198,129000000,0.0,305000000,3776000000,4210000000,7986000000,-137000000,98000000,266000000,0.060758337140246685,168000000,0.03837368661489265,-15000000,29000000,0.006624029237094564,0.0,-35000000,-0.007994518044769302,0.77,0.77,207792207,207792207,https://www.sec.gov/Archives/edgar/data/1047122/000119312503078092/0001193125-03-078092-index.htm,https://www.sec.gov/Archives/edgar/data/1047122/000119312503078092/d10q.htm
2003-06-29,RTN,2003-08-04,2003-08-01 18:53:32,Q2,4429000000,3570000000,859000000,0.19394897268006323,131000000,0.0,345000000,3570000000,4046000000,7616000000,-135000000,92000000,475000000,0.10724768570783473,383000000,0.08647550237073831,15000000,267000000,0.06028448859787763,0.0,100000000,0.022578460149017838,0.72,0.72,270833333,270833333,https://www.sec.gov/Archives/edgar/data/1047122/000119312503028018/0001193125-03-028018-index.htm,https://www.sec.gov/Archives/edgar/data/1047122/000119312503028018/d10q.htm
2003-03-30,RTN,2003-05-01,2003-05-01 11:18:48,Q1,4201000000,3480000000,721000000,0.17162580338014757,106000000,0.0,302000000,3480000000,3888000000,7368000000,-143000000,89000000,402000000,0.09569150202332778,313000000,0.0745060699833373,0.0,159000000,0.037848131397286364,0.0,95000000,0.022613663413472984,0.27,0.27,351851851,351851851,https://www.sec.gov/Archives/edgar/data/1047122/000092701603002272/0000927016-03-002272-index.htm,https://www.sec.gov/Archives/edgar/data/1047122/000092701603002272/d10q.htm
2002-12-31,RTN,2003-03-24,2003-03-24 11:48:47,FY,4662000000,3751000000,911000000,0.1954096954096954,112000000,0.0,307000000,3751000000,4170000000,7921000000,-109000000,97000000,589000000,0.12634062634062634,492000000,0.10553410553410554,174000000,212000000,0.045474045474045474,0.0,-68000000,-0.014586014586014585,0.0,0.0,-381333333,-389115646,https://www.sec.gov/Archives/edgar/data/1047122/000092701603001276/0000927016-03-001276-index.htm,https://www.sec.gov/Archives/edgar/data/1047122/000092701603001276/d10k.htm
