date,symbol,fillingDate,acceptedDate,period,revenue,costOfRevenue,grossProfit,grossProfitRatio,researchAndDevelopmentExpenses,generalAndAdministrativeExpenses,sellingAndMarketingExpenses,otherExpenses,operatingExpenses,costAndExpenses,interestExpense,depreciationAndAmortization,ebitda,ebitdaratio,operatingIncome,operatingIncomeRatio,totalOtherIncomeExpensesNet,incomeBeforeTax,incomeBeforeTaxRatio,incomeTaxExpense,netIncome,netIncomeRatio,eps,epsdiluted,weightedAverageShsOut,weightedAverageShsOutDil,link,finalLink
2020-03-31,SLB,2020-04-22,2020-04-22 09:19:20,Q1,7455000000,4727000000,2728000000,0.3659289067739772,173000000,127000000,0.0,0.0,300000000,5027000000,136000000,792000000,783911000,105.15238095238095,-8089000.0,-1.08504359490275,39000.0,-8089000.0,-1.08504359490275,-721000000,-7368000.0,-0.9883299798792756,-5.32,-5.32,1387000000,1387000000,https://www.sec.gov/Archives/edgar/data/87347/000156459020017823/0001564590-20-017823-index.htm,https://www.sec.gov/Archives/edgar/data/87347/000156459020017823/slb-10q_20200331.htm
2019-12-31,SLB,2020-01-22,2020-01-22 11:46:23,FY,8228000000,5034000000,3194000000,0.3881866796305299,190000000,129000000,0.0,0.0,319000000,5353000000,147000000,848000000,1300000000,0.157997083131,452000000,0.0549343704424,25000.0,452000000,0.0549343704424,109000000,333000000,0.040471560525,0.24,0.24,1385000000,1385000000,https://www.sec.gov/Archives/edgar/data/87347/000156459020001578/0001564590-20-001578-index.htm,https://www.sec.gov/Archives/edgar/data/87347/000156459020001578/slb-10k_20191231.htm
2019-09-30,SLB,2019-10-23,2019-10-23 11:29:53,Q3,8540000000,5372000000,3168000000,0.37096018735362996,176000000,120000000,0.0,0.0,296000000,5668000000,160000000,900000000,888029000,103.98466042154567,-11971000,-1.4017564402810305,22000.0,-11971000,-1.4017564402810305,-598000000,-11373000,-1.3317330210772833,-8.22,-8.21,1385000000,1385000000,https://www.sec.gov/Archives/edgar/data/87347/000156459019037505/0001564590-19-037505-index.htm,https://www.sec.gov/Archives/edgar/data/87347/000156459019037505/slb-10q_20190930.htm
2019-06-30,SLB,2019-07-24,2019-07-24 11:28:04,Q2,8270000000,5311000000,2959000000,0.35779927448609433,178000000,113000000,0.0,0.0,291000000,5602000000,155000000,938000000,1530000000,0.185006045949,592000000,0.0715840386941,25000.0,592000000,0.0715840386941,99000000,492000000,0.059492140266,0.36,0.35,1385000000,1396000000,https://www.sec.gov/Archives/edgar/data/87347/000156459019025739/0001564590-19-025739-index.htm,https://www.sec.gov/Archives/edgar/data/87347/000156459019025739/slb-10q_20190630.htm
2019-03-31,SLB,2019-04-24,2019-04-24 11:26:17,Q1,7879000000,5111000000,2768000000,0.3513136184795025,173000000,112000000,0.0,0.0,285000000,5396000000,147000000,903000000,1412000000,0.179210559716,509000000,0.0646021068664,14000000,509000000,0.0646021068664,79000000,421000000,0.0534331767991,0.3,0.3,1385000000,1397000000,https://www.sec.gov/Archives/edgar/data/87347/000156459019012635/0001564590-19-012635-index.htm,https://www.sec.gov/Archives/edgar/data/87347/000156459019012635/slb-10q_20190331.htm
2018-12-31,SLB,2019-01-23,2019-01-23 11:24:12,FY,8179000000,5204000000,2975000000,0.3637363980926764,178000000,114000000,0.0,0.0,292000000,5496000000,141000000,919000000,1567000000,0.191588213718,648000000,0.0792272893997,31000000,648000000,0.0792272893997,99000000,539000000,0.0659004768309,0.39,0.38,1385000000,1393000000,https://www.sec.gov/Archives/edgar/data/87347/000156459019000928/0001564590-19-000928-index.htm,https://www.sec.gov/Archives/edgar/data/87347/000156459019000928/slb-10k_20181231.htm
2018-09-30,SLB,2018-10-24,2018-10-24 11:22:57,Q3,8505000000,5338000000,3167000000,0.3723691945914168,177000000,105000000,0.0,0.0,282000000,5620000000,147000000,887000000,1673000000,0.19670781893,786000000,0.0924162257496,36000000,786000000,0.0924162257496,129000000,644000000,0.0757201646091,0.46,0.46,1385000000,1393000000,https://www.sec.gov/Archives/edgar/data/87347/000156459018024846/0001564590-18-024846-index.htm,https://www.sec.gov/Archives/edgar/data/87347/000156459018024846/slb-10q_20180930.htm
2018-06-30,SLB,2018-07-25,2018-07-25 12:17:58,Q2,8302000000,8154000000,148000000,0.017827029631414117,175000000,114000000,0.0,0.0,289000000,8443000000,144000000,876000000,1423000000,0.171404480848,547000000,0.0658877378945,40000000,547000000,0.0658877378945,106000000,430000000,0.0517947482534,0.31,0.31,1385000000,1393000000,https://www.sec.gov/Archives/edgar/data/87347/000156459018017379/0001564590-18-017379-index.htm,https://www.sec.gov/Archives/edgar/data/87347/000156459018017379/slb-10q_20180630.htm
2018-03-31,SLB,2018-04-25,2018-04-25 11:16:47,Q1,7829000000,1922000000,5907000000,0.7545024907395581,172000000,111000000,0.0,0.0,283000000,2205000000,143000000,874000000,1517000000,0.193766764593,643000000,0.0821305402989,42000000,643000000,0.0821305402989,113000000,525000000,0.0670583727168,0.38,0.38,1385000000,1394000000,https://www.sec.gov/Archives/edgar/data/87347/000156459018008981/0001564590-18-008981-index.htm,https://www.sec.gov/Archives/edgar/data/87347/000156459018008981/slb-10q_20180331.htm
2017-12-31,SLB,2018-01-24,2018-01-24 11:35:35,FY,8179000000,2810000000,5369000000,0.6564372172637242,192000000,109000000,0.0,0.0,301000000,3111000000,144000000,906000000,-1304000000,-0.1594326934833109,-2210000000,-0.27020418144027386,52000000,-2210000000,-0.27020418144027386,61000000,-2271000000,-0.2776623059053674,-1.62,-1.62,1388000000,1388000000,https://www.sec.gov/Archives/edgar/data/87347/000156459018000821/0001564590-18-000821-index.htm,https://www.sec.gov/Archives/edgar/data/87347/000156459018000821/slb-10k_20171231.htm
2017-09-30,SLB,2017-10-25,2017-10-25 11:25:37,Q3,7905000000,1858000000,6047000000,0.7649588867805187,189000000,115000000,0.0,0.0,304000000,2162000000,141000000,956000000,1632000000,0.206451612903,676000000,0.0855154965212,64000000,676000000,0.0855154965212,121000000,544000000,0.0688172043011,0.39,0.39,1388000000,1395000000,https://www.sec.gov/Archives/edgar/data/87347/000156459017019977/0001564590-17-019977-index.htm,https://www.sec.gov/Archives/edgar/data/87347/000156459017019977/slb-10q_20170930.htm
2017-06-30,SLB,2017-07-26,2017-07-26 10:13:54,Q2,7462000000,1844000000,5618000000,0.752881265076387,195000000,110000000,0.0,0.0,305000000,2149000000,142000000,986000000,1003000000,0.134414366122,17000000,0.00227820959528,62000000,17000000,0.00227820959528,98000000,-81000000,-0.010854998659876708,-0.05,-0.05,1390000000,1397000000,https://www.sec.gov/Archives/edgar/data/87347/000156459017014007/0001564590-17-014007-index.htm,https://www.sec.gov/Archives/edgar/data/87347/000156459017014007/slb-10q_20170630.htm
2017-03-31,SLB,2017-04-26,2017-04-26 11:24:23,Q1,6894000000,1825000000,5069000000,0.7352770525094285,211000000,98000000,0.0,0.0,309000000,2134000000,139000000,989000000,1323000000,0.191906005222,334000000,0.0484479257325,46000000,334000000,0.0484479257325,50000000,279000000,0.0404699738903,0.2,0.2,1393000000,1402000000,https://www.sec.gov/Archives/edgar/data/87347/000156459017007214/0001564590-17-007214-index.htm,https://www.sec.gov/Archives/edgar/data/87347/000156459017007214/slb-10q_20170331.htm
2016-12-31,SLB,2017-01-25,2017-01-25 11:34:28,FY,7107000000,1799000000,5308000000,0.7468692838046996,262000000,98000000,0.0,0.0,360000000,2159000000,139000000,1016000000,802000000,0.112846489377,64000000,0.009005206134796679,47000000,-214000000,-0.030111158013226398,-19000000,-195000000,-0.027437737441958633,-0.14,-0.14,1357000000,1357000000,https://www.sec.gov/Archives/edgar/data/87347/000156459017000589/0001564590-17-000589-index.htm,https://www.sec.gov/Archives/edgar/data/87347/000156459017000589/slb-10k_20161231.htm
2016-09-30,SLB,2016-10-26,2016-10-26 11:21:31,Q3,7019000000,1787000000,5232000000,0.7454053283943581,253000000,92000000,0.0,0.0,345000000,2132000000,149000000,998000000,1199000000,0.170822054424,201000000,0.0286365579142,55000000,201000000,0.0286365579142,10000000,177000000,0.025217267417,0.16,0.16,1345000000,1345000000,https://www.sec.gov/Archives/edgar/data/87347/000156459016026174/0001564590-16-026174-index.htm,https://www.sec.gov/Archives/edgar/data/87347/000156459016026174/slb-10q_20160930.htm
2016-06-30,SLB,2016-07-27,2016-07-27 08:55:31,Q2,7164000000,6314000000,850000000,0.11864879955332217,257000000,103000000,0.0,0.0,360000000,6417000000,149000000,1113000000,-1401000000,-0.19556113902847572,-2514000000,-0.3509212730318258,53000000,-2514000000,-0.3509212730318258,-368000000,-2146000000,-0.29955332216638747,-1.66,-1.66,1321000000,1321000000,https://www.sec.gov/Archives/edgar/data/87347/000156459016021567/0001564590-16-021567-index.htm,https://www.sec.gov/Archives/edgar/data/87347/000156459016021567/slb-10q_20160630.htm
2016-03-31,SLB,2016-04-27,2016-04-27 06:16:28,Q1,6520000000,5460000000,1060000000,0.16257668711656442,240000000,110000000,0.0,0.0,350000000,5810000000,133000000,967000000,1589000000,0.243711656442,622000000,0.0953987730061,45000000,622000000,0.0953987730061,99000000,501000000,0.0768404907975,0.4,0.4,1254000000,1259000000,https://www.sec.gov/Archives/edgar/data/87347/000156459016016687/0001564590-16-016687-index.htm,https://www.sec.gov/Archives/edgar/data/87347/000156459016016687/slb-10q_20160331.htm
2015-12-31,SLB,2016-01-27,2016-01-27 10:33:17,FY,7744000000,6293000000,1451000000,0.18737086776859505,275000000,132000000,0.0,0.0,407000000,6700000000,92000000,963000000,-27000000,-0.0034865702479338844,-990000000,-0.1278409090909091,81000000,-1103000000,-0.14243285123966942,-113000000,-990000000,-0.1278409090909091,-0.8,-0.79,1267000000,1275000000,https://www.sec.gov/Archives/edgar/data/87347/000156459016012009/0001564590-16-012009-index.htm,https://www.sec.gov/Archives/edgar/data/87347/000156459016012009/slb-10k_20151231.htm
2015-09-30,SLB,2015-10-21,2015-10-21 12:01:30,Q3,8473000000,6797000000,1676000000,0.19780479169125456,273000000,123000000,0.0,0.0,396000000,7193000000,85000000,1026000000,2280000000,0.269090050749,1254000000,0.147999527912,59000000,1254000000,0.147999527912,251000000,989000000,0.11672371061,0.78,0.78,1270000000,1278000000,https://www.sec.gov/Archives/edgar/data/87347/000156459015008511/0001564590-15-008511-index.htm,https://www.sec.gov/Archives/edgar/data/87347/000156459015008511/slb-10q_20150930.htm
2015-06-30,SLB,2015-07-22,2015-07-22 11:49:37,Q2,9010000000,7135000000,1875000000,0.2081021087680355,279000000,120000000,0.0,0.0,399000000,7534000000,87000000,1047000000,2483000000,0.275582685905,1436000000,0.159378468368,47000000,1436000000,0.159378468368,302000000,1124000000,0.124750277469,0.89,0.88,1273000000,1282000000,https://www.sec.gov/Archives/edgar/data/87347/000156459015005555/0001564590-15-005555-index.htm,https://www.sec.gov/Archives/edgar/data/87347/000156459015005555/slb-10q_20150630.htm
2015-03-31,SLB,2015-04-22,2015-04-22 10:38:45,Q1,10248000000,8096000000,2152000000,0.209992193598751,267000000,119000000,0.0,0.0,386000000,8482000000,82000000,1042000000,2336000000,0.227946916472,1294000000,0.126268540203,49000000,1294000000,0.126268540203,306000000,975000000,0.0951405152225,0.76,0.76,1276000000,1285000000,https://www.sec.gov/Archives/edgar/data/87347/000156459015002749/0001564590-15-002749-index.htm,https://www.sec.gov/Archives/edgar/data/87347/000156459015002749/slb-10q_20150331.htm
2014-12-31,SLB,2015-01-29,2015-01-29 06:05:46,FY,12641000000,9690000000,2951000000,0.23344672098726366,324000000,122000000,0.0,0.0,446000000,10136000000,87000000,1065000000,3568000000,0.282256150621,2503000000,0.198006486829,71000000,2246000000,0.177675816787,398000000,302000000,0.0238905149909,0.25,0.25,1295000000,1308000000,https://www.sec.gov/Archives/edgar/data/87347/000156459015000337/0001564590-15-000337-index.htm,https://www.sec.gov/Archives/edgar/data/87347/000156459015000337/slb-10k_20141231.htm
2014-09-30,SLB,2014-10-22,2014-10-22 11:29:42,Q3,12645000000,9690000000,2955000000,0.23368920521945433,300000000,125000000,0.0,0.0,425000000,10115000000,89000000,1032000000,2981000000,0.235745353895,1949000000,0.154132068011,79000000,1964000000,0.155318307631,556000000,1949000000,0.154132068011,1.5,1.49,1300000000,1315000000,https://www.sec.gov/Archives/edgar/data/87347/000156459014004404/0001564590-14-004404-index.htm,https://www.sec.gov/Archives/edgar/data/87347/000156459014004404/slb-10q_20140930.htm
2014-06-30,SLB,2014-07-23,2014-07-23 11:58:39,Q2,12055000000,9273000000,2782000000,0.23077561177934466,309000000,122000000,0.0,0.0,431000000,9704000000,90000000,1065000000,2660000000,0.220655329739,1595000000,0.132310244712,65000000,1821000000,0.151057652426,505000000,1595000000,0.132310244712,1.23,1.21,1303000000,1316000000,https://www.sec.gov/Archives/edgar/data/87347/000156459014002860/0001564590-14-002860-index.htm,https://www.sec.gov/Archives/edgar/data/87347/000156459014002860/slb-10q_20140630.htm
2014-03-31,SLB,2014-04-23,2014-04-23 11:15:09,Q1,11239000000,8745000000,2494000000,0.2219058635109885,284000000,106000000,0.0,0.0,390000000,9135000000,103000000,932000000,2524000000,0.224575140137,1592000000,0.141649612955,76000000,1608000000,0.143073227155,469000000,1592000000,0.141649612955,1.22,1.21,1306000000,1318000000,https://www.sec.gov/Archives/edgar/data/87347/000156459014001564/0001564590-14-001564-index.htm,https://www.sec.gov/Archives/edgar/data/87347/000156459014001564/slb-10q_20140331.htm
2013-12-31,SLB,2014-01-31,2014-01-31 08:41:08,FY,11906000000,9284000000,2622000000,0.22022509658995465,304000000,111000000,0.0,0.0,415000000,9699000000,97000000,929000000,2593000000,0.217789349908,1664000000,0.139761464808,60000000,1683000000,0.141357298841,487000000,1664000000,0.139761464808,1.27,1.26,1323000000,1333000000,https://www.sec.gov/Archives/edgar/data/87347/000156459014000090/0001564590-14-000090-index.htm,https://www.sec.gov/Archives/edgar/data/87347/000156459014000090/slb-10k_20131231.htm
2013-09-30,SLB,2013-10-23,2013-10-23 11:01:58,Q3,11608000000,8929000000,2679000000,0.23078911095796004,285000000,109000000,0.0,0.0,394000000,9323000000,97000000,931000000,2645000000,0.227860096485,1714000000,0.147656788422,42000000,1724000000,0.148518263267,506000000,1714000000,0.147656788422,1.3,1.28,1326000000,1336000000,https://www.sec.gov/Archives/edgar/data/87347/000156459013000735/0001564590-13-000735-index.htm,https://www.sec.gov/Archives/edgar/data/87347/000156459013000735/slb-10q_20130930.htm
2013-06-30,SLB,2013-07-24,2013-07-24 11:23:12,Q2,11084000000,8676000000,2408000000,0.21725009022013714,290000000,101000000,0.0,0.0,391000000,9067000000,99000000,910000000,2585000000,0.233219054493,1675000000,0.1511187297,30000000,1757000000,0.158516780946,443000000,2095000000,0.189011187297,1.57,1.57,1329000000,1339000000,https://www.sec.gov/Archives/edgar/data/87347/000119312513299983/0001193125-13-299983-index.htm,https://www.sec.gov/Archives/edgar/data/87347/000119312513299983/d550034d10q.htm
2013-03-31,SLB,2013-04-24,2013-04-24 12:18:16,Q1,10668000000,8442000000,2226000000,0.20866141732283464,295000000,95000000,0.0,0.0,390000000,8832000000,98000000,896000000,2575000000,0.24137607799,1679000000,0.157386576678,33000000,1679000000,0.157386576678,412000000,1259000000,0.118016497938,0.95,0.94,1330000000,1340000000,https://www.sec.gov/Archives/edgar/data/87347/000119312513169511/0001193125-13-169511-index.htm,https://www.sec.gov/Archives/edgar/data/87347/000119312513169511/d502964d10q.htm
2012-12-31,SLB,2013-01-31,2013-01-31 12:24:54,FY,11175000000,8791000000,2384000000,0.21333333333333335,313000000,111000000,0.0,0.0,424000000,9215000000,94000000,930000000,2738000000,0.245011185682,1808000000,0.161789709172,35000000,1808000000,0.161789709172,436000000,1363000000,0.121968680089,1.03,1.02,1330000000,1339000000,https://www.sec.gov/Archives/edgar/data/87347/000119312513031766/0001193125-13-031766-index.htm,https://www.sec.gov/Archives/edgar/data/87347/000119312513031766/d456349d10k.htm
2012-09-30,SLB,2012-10-24,2012-10-24 11:26:00,Q3,10608000000,24265000000,-13657000000,-1.287424585218703,289000000,95000000,0.0,0.0,384000000,24649000000,88000000,864000000,2722000000,0.256598793363,1858000000,0.175150829563,45000000,1858000000,0.175150829563,442000000,1424000000,0.134238310709,3.1,3.08,1331000000,1340000000,https://www.sec.gov/Archives/edgar/data/87347/000119312512432709/0001193125-12-432709-index.htm,https://www.sec.gov/Archives/edgar/data/87347/000119312512432709/d404756d10q.htm
2012-06-30,SLB,2012-07-25,2012-07-25 11:29:08,Q2,20366000000,15973000000,4393000000,0.21570264165766473,291000000,106000000,0.0,0.0,397000000,397000000,78000000,853000000,2657000000,0.130462535599,1804000000,0.0885790042227,45000000,1804000000,0.0885790042227,434000000,1402000000,0.0688402239026,0.0,0.0,1333000000,1341000000,https://www.sec.gov/Archives/edgar/data/87347/000119312512313818/0001193125-12-313818-index.htm,https://www.sec.gov/Archives/edgar/data/87347/000119312512313818/d361704d10q.htm
2012-03-31,SLB,2012-04-25,2012-04-25 11:16:15,Q1,0.0,0.0,0.0,0.0,275000000,93000000,0.0,0.0,368000000,368000000,80000000,853000000,2574000000,0.0,1721000000,0.0,47000000,1721000000,0.0,411000000,1301000000,0.0,0.0,0.0,1334000000,1344000000,https://www.sec.gov/Archives/edgar/data/87347/000119312512180984/0001193125-12-180984-index.htm,https://www.sec.gov/Archives/edgar/data/87347/000119312512180984/d323154d10q.htm
2011-12-31,SLB,2012-02-01,2012-02-01 16:29:21,FY,0.0,0.0,0.0,0.0,273000000,101000000,0.0,0.0,374000000,374000000,86000000,861000000,2746000000,0.0,1885000000,0.0,129000000,1885000000,0.0,466000000,1413000000,0.0,0.0,0.0,1349000000,1361000000,https://www.sec.gov/Archives/edgar/data/87347/000119312512034426/0001193125-12-034426-index.htm,https://www.sec.gov/Archives/edgar/data/87347/000119312512034426/d272746d10k.htm
2011-09-30,SLB,2011-10-26,2011-10-26 14:24:58,Q3,0.0,0.0,0.0,0.0,278000000,95000000,0.0,0.0,373000000,373000000,70000000,827000000,2544000000,0.0,1717000000,0.0,94000000,1717000000,0.0,410000000,1301000000,0.0,0.0,0.0,1352000000,1365000000,https://www.sec.gov/Archives/edgar/data/87347/000095012311092021/0000950123-11-092021-index.htm,https://www.sec.gov/Archives/edgar/data/87347/000095012311092021/h84352e10vq.htm
2011-06-30,SLB,2011-07-27,2011-07-27 12:09:48,Q2,0.0,0.0,0.0,0.0,273000000,138000000,0.0,0.0,411000000,411000000,69000000,805000000,2303000000,0.0,1498000000,0.0,60000000,1498000000,0.0,374000000,1339000000,0.0,-0.69,-0.69,1356000000,1370000000,https://www.sec.gov/Archives/edgar/data/87347/000095012311068781/0000950123-11-068781-index.htm,https://www.sec.gov/Archives/edgar/data/87347/000095012311068781/h82415e10vq.htm
2011-03-31,SLB,2011-04-27,2011-04-27 11:19:11,Q1,0.0,0.0,0.0,0.0,249000000,93000000,0.0,0.0,342000000,342000000,73000000,788000000,2026000000,0.0,1238000000,0.0,31000000,1238000000,0.0,295000000,944000000,0.0,0.69,0.69,1360000000,1375000000,https://www.sec.gov/Archives/edgar/data/87347/000095012311039827/0000950123-11-039827-index.htm,https://www.sec.gov/Archives/edgar/data/87347/000095012311039827/h80291e10vq.htm
2010-12-31,SLB,2011-02-04,2011-02-04 13:27:09,FY,9068000000,7202000000,1866000000,0.20577856197617997,257000000,194000000,0.0,0.0,451000000,7653000000,61000000,808000000,2142000000,0.236215262461,1334000000,0.147110719012,45000000,1334000000,0.147110719012,290000000,1043000000,0.115019850022,-2.66,-2.63,1250000000,1263000000,https://www.sec.gov/Archives/edgar/data/87347/000095012311009144/0000950123-11-009144-index.htm,https://www.sec.gov/Archives/edgar/data/87347/000095012311009144/h77795e10vk.htm
2010-09-30,SLB,2010-10-29,2010-10-29 12:09:02,Q3,6845000000,5379000000,1466000000,0.2141709276844412,239000000,167000000,0.0,0.0,406000000,5785000000,48000000,693000000,2633000000,0.384660336012,1940000000,0.283418553689,54000000,1940000000,0.283418553689,209000000,1734000000,0.253323593864,1.41,1.4,1212000000,1227000000,https://www.sec.gov/Archives/edgar/data/87347/000119312510240873/0001193125-10-240873-index.htm,https://www.sec.gov/Archives/edgar/data/87347/000119312510240873/d10q.htm
2010-06-30,SLB,2010-07-29,2010-07-29 16:20:53,Q2,5936000000,4575000000,1361000000,0.2292789757412399,216000000,145000000,0.0,0.0,361000000,4936000000,53000000,638000000,1632000000,0.274932614555,994000000,0.167452830189,51000000,994000000,0.167452830189,177000000,818000000,0.137803234501,0.69,0.67,1194000000,1211000000,https://www.sec.gov/Archives/edgar/data/87347/000119312510170695/0001193125-10-170695-index.htm,https://www.sec.gov/Archives/edgar/data/87347/000119312510170695/d10q.htm
2010-03-31,SLB,2010-04-28,2010-04-28 11:40:01,Q1,5598000000,4343000000,1255000000,0.22418720971775635,207000000,144000000,0.0,0.0,351000000,4694000000,45000000,620000000,1508000000,0.269381922115,888000000,0.158628081458,64000000,888000000,0.158628081458,214000000,672000000,0.120042872454,0.56,0.56,1195000000,1215000000,https://www.sec.gov/Archives/edgar/data/87347/000119312510096102/0001193125-10-096102-index.htm,https://www.sec.gov/Archives/edgar/data/87347/000119312510096102/d10q.htm
2009-12-31,SLB,2010-02-05,2010-02-05 12:31:59,FY,5744000000,13019000000,-7275000000,-1.2665389972144847,0.0,-390000000,-67000000,0.0,-457000000,-13476000000,-188000000,628000000,1448000000,0.2520891364902507,820000000,0.14275766016713093,-211000000,203000000,0.03534122562674095,0.0,798000000,0.13892757660167132,2.63,2.63,1194676806,1194676806,https://www.sec.gov/Archives/edgar/data/87347/000119312510023041/0001193125-10-023041-index.htm,https://www.sec.gov/Archives/edgar/data/87347/000119312510023041/d10k.htm
2009-09-30,SLB,2009-10-28,2009-10-28 11:26:11,Q3,5430000000,4122000000,1308000000,0.2408839779005525,0.0,129000000,22000000,0.0,151000000,4273000000,0.0,613000000,1401000000,0.2580110497237569,788000000,0.14511970534069982,74000000,979000000,0.18029465930018415,0.0,788000000,0.14511970534069982,1.95,1.95,1202051282,1202051282,https://www.sec.gov/Archives/edgar/data/87347/000119312509215771/0001193125-09-215771-index.htm,https://www.sec.gov/Archives/edgar/data/87347/000119312509215771/d10q.htm
2009-06-30,SLB,2009-07-29,2009-07-29 14:37:14,Q2,11528000000,8897000000,2631000000,0.22822692574600972,0.0,261000000,45000000,0.0,306000000,9203000000,0.0,-608008000000,-606452000000,-52.60687022900763,1556000000,0.13497571131158917,137000000,1960000000,0.17002081887578072,0.0,1556000000,0.13497571131158917,1.3,1.3,1196923076,1196923076,https://www.sec.gov/Archives/edgar/data/87347/000119312509158007/0001193125-09-158007-index.htm,https://www.sec.gov/Archives/edgar/data/87347/000119312509158007/d10q.htm
2009-03-31,SLB,2009-04-29,2009-04-29 13:19:51,Q1,5999989000000,4488524000000,1511465000000,0.2519112951707078,0.0,130288000000,21071000000,0.0,151359000000,4639883000000,0.0,609243000000,1549628000000,0.25827180683164586,940385000000,0.15673112067372125,76946000000,1192464000000,0.198744364364668,0.0,940385000000,0.15673112067372125,0.78,0.78,1205621794871,1205621794871,https://www.sec.gov/Archives/edgar/data/87347/000119312509091605/0001193125-09-091605-index.htm,https://www.sec.gov/Archives/edgar/data/87347/000119312509091605/d10q.htm
2008-12-31,SLB,2009-02-11,2009-02-11 10:31:08,FY,27163000000,0.0,27163000000,1.0,0.0,0.0,0.0,0.0,0.0,0.0,-217000000,612613000000,618010000000,22.75190516511431,5397000000,0.19868939366049407,0.0,5435000000,0.20008835548356219,0.0,5435000000,0.20008835548356219,4.51,4.51,1205099778,1205099778,https://www.sec.gov/Archives/edgar/data/87347/000119312509024868/0001193125-09-024868-index.htm,https://www.sec.gov/Archives/edgar/data/87347/000119312509024868/d10k.htm
2008-09-30,SLB,2008-10-22,2008-10-22 13:10:26,Q3,7258869000000,4966384000000,2292485000000,0.3158184835681702,0.0,149623000000,22645000000,0.0,172268000000,5138652000000,0.0,583354000000,2109716000000,0.2906397677103692,1526362000000,0.21027545751273374,106719000000,1957620000000,0.2696866412660154,0.0,1526362000000,0.21027545751273374,3.55,3.55,1206946760563,1206946760563,https://www.sec.gov/Archives/edgar/data/87347/000119312508214207/0001193125-08-214207-index.htm,https://www.sec.gov/Archives/edgar/data/87347/000119312508214207/d10q.htm
2008-06-30,SLB,2008-07-23,2008-07-23 06:09:46,Q2,6746148000000,4608879000000,2137269000000,0.31681323919961435,0.0,146130000000,25871000000,0.0,172001000000,4780880000000,0.0,555852000000,1975847000000,0.2928852139028079,1419995000000,0.21048974911312351,96997000000,1803537000000,0.2673432305368931,0.0,1419995000000,0.21048974911312351,2.28,2.28,1209780263157,1209780263157,https://www.sec.gov/Archives/edgar/data/87347/000119312508155700/0001193125-08-155700-index.htm,https://www.sec.gov/Archives/edgar/data/87347/000119312508155700/d10q.htm
2008-03-31,SLB,2008-04-23,2008-04-23 13:36:22,Q1,6289873000000,4358295000000,1931578000000,0.307093322869953,0.0,138332000000,22968000000,0.0,161300000000,4519595000000,0.0,516689000000,1817143000000,0.28889979177639996,1300454000000,0.20675361807782128,102230000000,1615436000000,0.25683125875514495,0.0,1338304000000,0.21277122765435805,1.09,1.09,1227801834862,1227801834862,https://www.sec.gov/Archives/edgar/data/87347/000119312508087741/0001193125-08-087741-index.htm,https://www.sec.gov/Archives/edgar/data/87347/000119312508087741/d10q.htm
2007-12-31,SLB,2008-02-13,2008-02-13 15:07:43,FY,23277000000,0.0,23277000000,1.0,0.0,0.0,0.0,0.0,0.0,0.0,-268000000,554417000000,559594000000,24.0406409760708,5177000000,0.2224083859603901,0.0,5177000000,0.2224083859603901,0.0,5177000000,0.2224083859603901,4.36,4.36,1187385321,1187385321,https://www.sec.gov/Archives/edgar/data/87347/000119312508029168/0001193125-08-029168-index.htm,https://www.sec.gov/Archives/edgar/data/87347/000119312508029168/d10k.htm
2007-09-30,SLB,2007-10-24,2007-10-24 13:59:42,Q3,5925662000000,3905095000000,2020567000000,0.34098586790809193,0.0,137260000000,21904000000,0.0,159164000000,4064259000000,0.0,497661000000,2207826000000,0.37258723160382756,1710165000000,0.28860319741490487,107578000000,1710165000000,0.28860319741490487,0.0,1353997000000,0.2284971704427286,3.2,3.2,1185407187500,1185407187500,https://www.sec.gov/Archives/edgar/data/87347/000119312507224586/0001193125-07-224586-index.htm,https://www.sec.gov/Archives/edgar/data/87347/000119312507224586/d10q.htm
2007-06-30,SLB,2007-07-25,2007-07-25 12:14:47,Q2,5638762000000,3741791000000,1896971000000,0.3364162204398767,0.0,114146000000,19998000000,0.0,134144000000,3875935000000,0.0,460932000000,2080294000000,0.36892743478089696,1619362000000,0.28718395988339285,97484000000,1619362000000,0.28718395988339285,0.0,1258479000000,0.22318356405182557,2.06,2.06,1184129126213,1184129126213,https://www.sec.gov/Archives/edgar/data/87347/000119312507161451/0001193125-07-161451-index.htm,https://www.sec.gov/Archives/edgar/data/87347/000119312507161451/d10q.htm
2007-03-31,SLB,2007-04-25,2007-04-25 11:31:07,Q1,5464405000000,3617424000000,1846981000000,0.3380022161607714,0.0,124170000000,16683000000,0.0,140853000000,3758277000000,0.0,440977000000,1995483000000,0.3651784595029102,1554506000000,0.2844785479846388,83623000000,1554506000000,0.2844785479846388,0.0,1180827000000,0.2160943414699313,1.0,1.0,1180827000000,1180827000000,https://www.sec.gov/Archives/edgar/data/87347/000119312507089761/0001193125-07-089761-index.htm,https://www.sec.gov/Archives/edgar/data/87347/000119312507089761/d10q.htm
2006-12-31,SLB,2007-02-16,2007-02-16 10:23:34,FY,19230000000,0.0,19230000000,1.0,0.0,0.0,0.0,0.0,0.0,0.0,-229000000,439000000000,442710000000,23.021840873634947,3710000000,0.19292771710868434,0.0,3710000000,0.19292771710868434,0.0,3710000000,0.19292771710868434,3.14,3.14,1181528662,1181528662,https://www.sec.gov/Archives/edgar/data/87347/000119312507033647/0001193125-07-033647-index.htm,https://www.sec.gov/Archives/edgar/data/87347/000119312507033647/d10k.htm
2006-09-30,SLB,2006-10-25,2006-10-25 15:57:27,Q3,4954818000000,3378592000000,1576226000000,0.3181198582874285,0.0,95737000000,22034000000,0.0,117771000000,3496363000000,0.0,392765000000,1392589000000,0.2810575484306386,999824000000,0.20178823924511455,70699000000,1317265000000,0.2658553755153065,0.0,999824000000,0.20178823924511455,2.18,2.18,1183135321100,1183135321100,https://www.sec.gov/Archives/edgar/data/87347/000119312506214682/0001193125-06-214682-index.htm,https://www.sec.gov/Archives/edgar/data/87347/000119312506214682/d10q.htm
2006-06-30,SLB,2006-07-27,2006-07-26 17:37:43,Q2,4686775000000,3255264000000,1431511000000,0.3054362541406404,0.0,107376000000,14274000000,0.0,121650000000,3376914000000,0.0,375042000000,1231942000000,0.26285494823199324,856900000000,0.1828336115985939,63590000000,1141140000000,0.24348085837276165,0.0,856900000000,0.1828336115985939,1.34,1.34,1178664925373,1178664925373,https://www.sec.gov/Archives/edgar/data/87347/000119312506153883/0001193125-06-153883-index.htm,https://www.sec.gov/Archives/edgar/data/87347/000119312506153883/d10q.htm
2006-03-31,SLB,2006-04-27,2006-04-26 18:42:36,Q1,4239017000000,2994794000000,1244223000000,0.2935168695950028,0.0,97224000000,13166000000,0.0,110390000000,3105184000000,0.0,354603000000,1077114000000,0.25409523009697765,722511000000,0.17044305318898226,65492000000,1022075000000,0.2411113236866,0.0,722511000000,0.17044305318898226,0.61,0.61,1184444262295,1184444262295,https://www.sec.gov/Archives/edgar/data/87347/000119312506089666/0001193125-06-089666-index.htm,https://www.sec.gov/Archives/edgar/data/87347/000119312506089666/d10q.htm
2005-12-31,SLB,2006-02-24,2006-02-23 18:04:09,FY,14309000000,0.0,14309000000,1.0,0.0,0.0,0.0,0.0,0.0,0.0,-187000000,358881000000,361080000000,25.234467817457546,2199000000,0.15367950241106995,0.0,2207000000,0.1542385910965127,0.0,2207000000,0.1542385910965127,3.73,3.73,591689008,591689008,https://www.sec.gov/Archives/edgar/data/87347/000119312506037849/0001193125-06-037849-index.htm,https://www.sec.gov/Archives/edgar/data/87347/000119312506037849/d10k.htm
2005-09-30,SLB,2005-10-27,2005-10-27 13:10:54,Q3,3698093000000,2759680000000,938413000000,0.2537559223091469,0.0,89850000000,9458000000,0.0,99308000000,2858988000000,0.0,337107000000,877910000000,0.2373953278081433,540803000000,0.14623834500646685,80101000000,740303000000,0.20018506835820515,0.0,540803000000,0.14623834500646685,2.61,2.61,592495402298,592495402298,https://www.sec.gov/Archives/edgar/data/87347/000119312505209759/0001193125-05-209759-index.htm,https://www.sec.gov/Archives/edgar/data/87347/000119312505209759/d10q.htm
2005-06-30,SLB,2005-07-28,2005-07-28 09:56:21,Q2,3428632000000,2546684000000,881948000000,0.2572302889315622,0.0,90895000000,14566000000,0.0,105461000000,2652145000000,0.0,326516000000,799717000000,0.23324667097547944,473201000000,0.13801452007681198,46220000000,650635000000,0.18976518914832505,0.0,482201000000,0.14063947370263125,1.69,1.69,595035502958,595035502958,https://www.sec.gov/Archives/edgar/data/87347/000119312505150808/0001193125-05-150808-index.htm,https://www.sec.gov/Archives/edgar/data/87347/000119312505150808/d10q.htm
2005-03-31,SLB,2005-04-28,2005-04-28 12:13:30,Q1,3159111000000,2405132000000,753979000000,0.2386680936503972,0.0,85422000000,10062000000,0.0,95484000000,2500616000000,0.0,328465000000,852902000000,0.26998164990087403,524437000000,0.16600777877067313,188553000000,679266000000,0.21501808578426018,0.0,523409000000,0.16568237076823195,0.89,0.89,588100000000,588100000000,https://www.sec.gov/Archives/edgar/data/87347/000119312505088014/0001193125-05-088014-index.htm,https://www.sec.gov/Archives/edgar/data/87347/000119312505088014/d10q.htm
2004-12-31,SLB,2005-03-04,2005-03-03 21:18:24,FY,11480000000,6713695000000,-6702215000000,-583.8166376306621,0.0,0.0,-35249000000,0.0,-35249000000,-6748944000000,-201000000,329369000000,-325223000000,-28.329529616724738,-654592000000,-57.02020905923345,-83232000000,-868739000000,-75.67412891986062,0.0,-892874000000,-77.77648083623693,1.72,1.72,711627906,711627906,https://www.sec.gov/Archives/edgar/data/87347/000119312505041937/0001193125-05-041937-index.htm,https://www.sec.gov/Archives/edgar/data/87347/000119312505041937/d10k.htm
2004-09-30,SLB,2004-11-04,2004-11-04 12:33:23,Q3,0.0,6713695000000,-6713695000000,0.0,0.0,0.0,35249000000,0.0,35249000000,6748944000000,0.0,326115000000,981721000000,0.0,655606000000,0.0,83232000000,870456000000,0.0,0.0,894098000000,0.0,1.11,1.11,805493693693,805493693693,https://www.sec.gov/Archives/edgar/data/87347/000119312504185976/0001193125-04-185976-index.htm,https://www.sec.gov/Archives/edgar/data/87347/000119312504185976/d10q.htm
2004-06-30,SLB,2004-08-03,2004-08-03 09:29:25,Q2,0.0,4389198000000,-4389198000000,0.0,0.0,0.0,23344000000,0.0,23344000000,4412542000000,0.0,304849000000,663385000000,0.0,358536000000,0.0,47954000000,490260000000,0.0,0.0,575893000000,0.0,0.61,0.61,944086885245,944086885245,https://www.sec.gov/Archives/edgar/data/87347/000119312504129785/0001193125-04-129785-index.htm,https://www.sec.gov/Archives/edgar/data/87347/000119312504129785/d10q.htm
2004-03-31,SLB,2004-05-07,2004-05-07 11:04:04,Q1,0.0,2364108000000,-2364108000000,0.0,0.0,0.0,46513000000,0.0,46513000000,2410621000000,0.0,347598000000,474437000000,0.0,126839000000,0.0,22894000000,186097000000,0.0,0.0,220286000000,0.0,0.22,0.22,1001300000000,1001300000000,https://www.sec.gov/Archives/edgar/data/87347/000119312504081564/0001193125-04-081564-index.htm,https://www.sec.gov/Archives/edgar/data/87347/000119312504081564/d10q.htm
2003-12-31,SLB,2004-03-03,2004-03-03 17:05:04,FY,13893000000,8545768000000,-8531875000000,-614.1132224861441,0.0,0.0,-269037000000,0.0,-269037000000,-8814805000000,-329000000,358884000000,124363000000,8.951486360037428,-234521000000,-16.880515367451235,-98325000000,-205832000000,-14.815518606492478,0.0,-205578000000,-14.797236018138632,0.81,0.81,472839506,472839506,https://www.sec.gov/Archives/edgar/data/87347/000119312504033890/0001193125-04-033890-index.htm,https://www.sec.gov/Archives/edgar/data/87347/000119312504033890/d10k.htm
2003-09-30,SLB,2003-11-06,2003-11-06 12:12:24,Q3,0.0,8545768000000,-8545768000000,0.0,0.0,0.0,269037000000,0.0,269037000000,8814805000000,0.0,410849000000,645843000000,0.0,234994000000,0.0,98325000000,207318000000,0.0,0.0,205961000000,0.0,0.4,0.4,514902500000,514902500000,https://www.sec.gov/Archives/edgar/data/87347/000119312503074115/0001193125-03-074115-index.htm,https://www.sec.gov/Archives/edgar/data/87347/000119312503074115/d10q.htm
2003-06-30,SLB,2003-08-05,2003-08-05 12:40:01,Q2,0.0,5381520000000,-5381520000000,0.0,0.0,0.0,176685000000,0.0,176685000000,5558205000000,0.0,414606000000,704923000000,0.0,290317000000,0.0,68746000000,414899000000,0.0,0.0,261284000000,0.0,0.5,0.5,522568000000,522568000000,https://www.sec.gov/Archives/edgar/data/87347/000119312503029031/0001193125-03-029031-index.htm,https://www.sec.gov/Archives/edgar/data/87347/000119312503029031/d10q.htm
2003-03-31,SLB,2003-05-08,2003-05-07 21:41:48,Q1,0.0,2650073000000,-2650073000000,0.0,0.0,0.0,94562000000,0.0,94562000000,2744635000000,0.0,386512000000,535674000000,0.0,149162000000,0.0,29658000000,213911000000,0.0,0.0,149162000000,0.0,0.26,0.26,573700000000,573700000000,https://www.sec.gov/Archives/edgar/data/87347/000119312503003786/0001193125-03-003786-index.htm,https://www.sec.gov/Archives/edgar/data/87347/000119312503003786/d10q.htm
2002-12-31,SLB,2003-02-27,2003-02-27 17:26:22,FY,13474000000,8016236000000,-8002762000000,-593.9410716936321,0.0,0.0,-293430000000,0.0,-293430000000,-8309666000000,-364000000,382992000000,-358492000000,-26.606204542081045,-741484000000,-55.03072584236307,-112930000000,-737832000000,-54.75968531987532,0.0,-543664000000,-40.34911681757459,-4.18,-4.18,555023923,555023923,https://www.sec.gov/Archives/edgar/data/87347/000095013003001530/0000950130-03-001530-index.htm,https://www.sec.gov/Archives/edgar/data/87347/000095013003001530/d10k.htm
2002-09-30,SLB,2002-11-01,2002-11-01 16:46:54,Q3,0.0,8016236000000,-8016236000000,0.0,0.0,0.0,293430000000,0.0,293430000000,8309666000000,0.0,406711000000,1145777000000,0.0,739066000000,0.0,112930000000,739066000000,0.0,0.0,541344000000,0.0,0.94,0.94,575897872340,575897872340,https://www.sec.gov/Archives/edgar/data/87347/000095013002007430/0000950130-02-007430-index.htm,https://www.sec.gov/Archives/edgar/data/87347/000095013002007430/d10q.htm
