date,symbol,fillingDate,acceptedDate,period,revenue,costOfRevenue,grossProfit,grossProfitRatio,researchAndDevelopmentExpenses,generalAndAdministrativeExpenses,sellingAndMarketingExpenses,otherExpenses,operatingExpenses,costAndExpenses,interestExpense,depreciationAndAmortization,ebitda,ebitdaratio,operatingIncome,operatingIncomeRatio,totalOtherIncomeExpensesNet,incomeBeforeTax,incomeBeforeTaxRatio,incomeTaxExpense,netIncome,netIncomeRatio,eps,epsdiluted,weightedAverageShsOut,weightedAverageShsOutDil,link,finalLink
2020-03-31,SO,2020-04-30,2020-04-29 17:42:31,Q1,5018000000,494000000,4524000000,0.9015544041450777,0.0,0.0,0.0,3755000000,3755000000,4249000000,456000000,241000000,1504000000,0.29972100438421684,1263000000,0.2516939019529693,330000000,986000000,0.19649262654444002,0.0,986000000,0.19649262654444002,0.82,0.81,1202439024,1217283950,https://www.sec.gov/Archives/edgar/data/92122/000009212220000042/0000092122-20-000042-index.htm,https://www.sec.gov/Archives/edgar/data/92122/000009212220000042/so10q3312020.htm
2019-12-31,SO,2020-02-20,2020-02-19 17:55:30,FY,4914000000,482000000,4432000000,0.901912901912902,0.0,0.0,0.0,4224000000,4224000000,4706000000,442000000,817000000,1507000000,0.3066748066748067,690000000,0.14041514041514042,299000000,335000000,0.06817256817256817,0.0,335000000,0.06817256817256817,4.53,4.5,1444150110,1453777777,https://www.sec.gov/Archives/edgar/data/92122/000009212220000017/0000092122-20-000017-index.htm,https://www.sec.gov/Archives/edgar/data/92122/000009212220000017/so10-k12312019.htm
2019-09-30,SO,2019-10-30,2019-10-29 19:30:33,Q3,5995000000,1072000000,4923000000,0.821184320266889,0.0,0.0,0.0,1695000000,1695000000,3982000000,435000000,905000000,2918000000,0.486738949124,2013000000,0.335779816514,303000000,1713000000,0.285738115096,367000000,1316000000,0.219516263553,1.26,1.25,1043000000,1051000000,https://www.sec.gov/Archives/edgar/data/92122/000009212219000053/0000092122-19-000053-index.htm,https://www.sec.gov/Archives/edgar/data/92122/000009212219000053/so10q9302019.htm
2019-06-30,SO,2019-07-31,2019-07-30 17:45:58,Q2,5098000000,914000000,4184000000,0.82071400549235,0.0,0.0,0.0,1745000000,1745000000,3756000000,429000000,894000000,2236000000,0.438603373872,1342000000,0.263240486465,299000000,1075000000,0.210867006669,145000000,898000000,0.176147508827,0.85,0.85,1041000000,1049000000,https://www.sec.gov/Archives/edgar/data/92122/000009212219000037/0000092122-19-000037-index.htm,https://www.sec.gov/Archives/edgar/data/92122/000009212219000037/so10q6302019.htm
2019-03-31,SO,2019-05-01,2019-04-30 18:32:56,Q1,5412000000,850000000,4562000000,0.8429416112342941,0.0,0.0,0.0,1742000000,1742000000,1721000000,430000000,851000000,4542000000,0.839246119734,3691000000,0.682002956393,329000000,3419000000,0.631744271988,1360000000,2084000000,0.385070214339,2.01,1.99,1038000000,1045000000,https://www.sec.gov/Archives/edgar/data/92122/000009212219000016/0000092122-19-000016-index.htm,https://www.sec.gov/Archives/edgar/data/92122/000009212219000016/so_10qx3312019.htm
2018-12-31,SO,2019-02-20,2019-02-19 18:34:01,FY,5337000000,1123000000,4214000000,0.7895821622634439,0.0,0.0,0.0,4900000000,4900000000,4759000000,1842000000,902000000,1480000000,0.277309349822,578000000,0.108300543376,211000000,120000000,0.0224845418775,-149000000,278000000,0.0520891886828,0.26,0.26,1020000000,1025000000,https://www.sec.gov/Archives/edgar/data/92122/000009212219000006/0000092122-19-000006-index.htm,https://www.sec.gov/Archives/edgar/data/92122/000009212219000006/so10-k12312018.htm
2018-09-30,SO,2018-11-07,2018-11-06 17:47:23,Q3,6159000000,121000000,6038000000,0.9803539535638902,0.0,0.0,0.0,3985000000,3985000000,3985000000,0.0,897000000,3071000000,0.498619905829,2174000000,0.352979379769,319000000,1845000000,0.299561617146,623000000,1164000000,0.188991719435,1.15,1.14,1016000000,1021000000,https://www.sec.gov/Archives/edgar/data/92122/000009212218000062/0000092122-18-000062-index.htm,https://www.sec.gov/Archives/edgar/data/92122/000009212218000062/so_10qx9302018.htm
2018-06-30,SO,2018-08-08,2018-08-07 18:44:06,Q2,5627000000,3393000000,2234000000,0.3970143948818198,0.0,0.0,0.0,2190000000,2190000000,5564000000,0.0,877000000,940000000,0.167051714946,63000000,0.0111960191932,316000000,-265000000,-0.2831196581196581,-138000000,-265000000,-0.2831196581196581,-0.16,-0.15,1012000000,1017000000,https://www.sec.gov/Archives/edgar/data/92122/000009212218000050/0000092122-18-000050-index.htm,https://www.sec.gov/Archives/edgar/data/92122/000009212218000050/so_10qx6302018.htm
2018-03-31,SO,2018-05-02,2018-05-01 17:40:51,Q1,6372000000,1009000000,5363000000,0.8416509730069052,0.0,0.0,0.0,2094000000,2094000000,4996000000,0.0,873000000,2249000000,0.352950408035,1376000000,0.215944758318,355000000,1049000000,0.164626490898,113000000,938000000,0.147206528562,0.93,0.92,1011000000,1016000000,https://www.sec.gov/Archives/edgar/data/92122/000009212218000027/0000092122-18-000027-index.htm,https://www.sec.gov/Archives/edgar/data/92122/000009212218000027/so_10qx3312018.htm
2017-12-31,SO,2018-02-21,2018-02-20 21:22:00,FY,5628000000,1579000000,4049000000,0.7194385216773277,0.0,0.0,0.0,5533000000,5533000000,4834000000,1694000000,893000000,1687000000,0.299751243781,794000000,0.141080312722,184000000,324000000,0.0575692963753,-175000000,724000000,0.128642501777,0.49,0.49,1000000000,1008000000,https://www.sec.gov/Archives/edgar/data/92122/000009212218000012/0000092122-18-000012-index.htm,https://www.sec.gov/Archives/edgar/data/92122/000009212218000012/so_10-kx12312017.htm
2017-09-30,SO,2017-11-01,2017-10-31 17:54:28,Q3,6201000000,1538000000,4663000000,0.7519754878245444,0.0,0.0,0.0,483000000,483000000,4156000000,-840000000,881000000,2926000000,0.47185937752,2045000000,0.329785518465,303000000,1701000000,0.274310595065,590000000,1070000000,0.172552814062,1.08,1.07,998000000,1005000000,https://www.sec.gov/Archives/edgar/data/92122/000009212217000076/0000092122-17-000076-index.htm,https://www.sec.gov/Archives/edgar/data/92122/000009212217000076/so_10qx9302017.htm
2017-06-30,SO,2017-08-02,2017-08-01 18:43:13,Q2,5431000000,1666000000,3765000000,0.6932424967777573,0.0,0.0,0.0,2818000000,2818000000,7025000000,424000000,860000000,-734000000,-0.1351500644448536,-1594000000,-0.2935002761922298,308000000,-1937000000,-0.35665623273798563,-588000000,-1937000000,-0.35665623273798563,-1.39,-1.38,996000000,1003000000,https://www.sec.gov/Archives/edgar/data/92122/000009212217000065/0000092122-17-000065-index.htm,https://www.sec.gov/Archives/edgar/data/92122/000009212217000065/so_10qx6302017.htm
2017-03-31,SO,2017-05-03,2017-05-02 17:48:08,Q1,5771000000,1844000000,3927000000,0.6804713221278808,0.0,0.0,0.0,2741000000,2741000000,4465000000,416000000,823000000,2129000000,0.368913533183,1306000000,0.22630393346,330000000,980000000,0.169814590192,315000000,658000000,0.114018367701,0.66,0.66,993000000,1000000000,https://www.sec.gov/Archives/edgar/data/92122/000009212217000024/0000092122-17-000024-index.htm,https://www.sec.gov/Archives/edgar/data/92122/000009212217000024/so_10qx3312017.htm
2016-12-31,SO,2017-02-22,2017-02-21 21:23:49,FY,5181000000,623000000,4558000000,0.879752943447211,0.0,0.0,0.0,3055000000,3055000000,4594000000,404000000,814000000,1401000000,0.270411117545,587000000,0.113298591006,71000000,239000000,0.0461300907161,9000000.0,23000000,0.00443929743293,0.2,0.19,951000000,958000000,https://www.sec.gov/Archives/edgar/data/92122/000009212217000007/0000092122-17-000007-index.htm,https://www.sec.gov/Archives/edgar/data/92122/000009212217000007/so_10-kx12312016.htm
2016-09-30,SO,2016-11-04,2016-11-04 16:43:30,Q3,6264000000,217000000,6047000000,0.9653575989782887,0.0,0.0,0.0,3184000000,3184000000,4347000000,374000000,803000000,2720000000,0.434227330779,1917000000,0.306034482759,310000000,1614000000,0.257662835249,448000000,176000000,0.0280970625798,1.18,1.18,940000000,945000000,https://www.sec.gov/Archives/edgar/data/92122/000009212216000213/0000092122-16-000213-index.htm,https://www.sec.gov/Archives/edgar/data/92122/000009212216000213/so_10qx9302016.htm
2016-06-30,SO,2016-08-08,2016-08-08 12:24:43,Q2,4486000000,834000000,3652000000,0.814088274632189,0.0,0.0,0.0,2416000000,2416000000,3294000000,293000000,667000000,1859000000,0.414400356665,1192000000,0.265715559519,255000000,908000000,0.202407489969,272000000,89000000,0.0198395006687,0.66,0.65,925000000,931000000,https://www.sec.gov/Archives/edgar/data/92122/000009212216000179/0000092122-16-000179-index.htm,https://www.sec.gov/Archives/edgar/data/92122/000009212216000179/so_10qx6302016.htm
2016-03-31,SO,2016-05-05,2016-05-05 14:14:47,Q1,3965000000,911000000,3054000000,0.7702395964691047,0.0,0.0,0.0,2263000000,2263000000,3032000000,246000000,639000000,1572000000,0.396469104666,933000000,0.235308953342,256000000,719000000,0.181336696091,222000000,50000000,0.0126103404792,0.53,0.53,916000000,922000000,https://www.sec.gov/Archives/edgar/data/92122/000009212216000144/0000092122-16-000144-index.htm,https://www.sec.gov/Archives/edgar/data/92122/000009212216000144/so_10qx3312016.htm
2015-12-31,SO,2016-02-26,2016-02-26 15:42:42,FY,3568000000,818000000,2750000000,0.7707399103139013,0.0,0.0,0.0,2990000000,2990000000,3808000000,228000000,-1007000000,-429000000,-0.12023542600896861,578000000,0.16199551569506726,236000000,415000000,0.11631165919282511,0.0,415000000,0.11631165919282511,2.6,2.59,1395769230,1401158301,https://www.sec.gov/Archives/edgar/data/92122/000009212216000126/0000092122-16-000126-index.htm,https://www.sec.gov/Archives/edgar/data/92122/000009212216000126/so_10-kx12312015.htm
2015-09-30,SO,2015-11-05,2015-11-05 14:52:12,Q3,5401000000,1520000000,3881000000,0.7185706350675801,0.0,0.0,0.0,244000000,244000000,338000000,12000000,41000000,132000000,0.0244399185336,91000000,0.0168487317163,264000000,81000000,0.0149972227365,31000000,102000000,0.0188853915941,1.05,1.05,910000000,913000000,https://www.sec.gov/Archives/edgar/data/92122/000009212215000107/0000092122-15-000107-index.htm,https://www.sec.gov/Archives/edgar/data/92122/000009212215000107/so_10qx9302015.htm
2015-06-30,SO,2015-08-05,2015-08-05 16:48:40,Q2,4337000000,1200000000,3137000000,0.723311044500807,0.0,0.0,0.0,227000000,227000000,315000000,13000000,42000000,111000000,0.0255937283837,69000000,0.0159096149412,245000000,59000000,0.0136038736454,21000000,46000000,0.0106064099608,1.25,1.25,910000000,914000000,https://www.sec.gov/Archives/edgar/data/92122/000009212215000066/0000092122-15-000066-index.htm,https://www.sec.gov/Archives/edgar/data/92122/000009212215000066/so_10qx6302015.htm
2015-03-31,SO,2015-05-07,2015-05-07 14:42:58,Q1,4183000000,1212000000,2971000000,0.7102557972746832,0.0,0.0,0.0,216000000,216000000,285000000,13000000,22000000,94000000,0.0224719101124,72000000,0.0172125268946,252000000,62000000,0.0148218981592,23000000,33000000,0.00788907482668,0.0,0.0,1373515981,1379816513,https://www.sec.gov/Archives/edgar/data/92122/000009212215000031/0000092122-15-000031-index.htm,https://www.sec.gov/Archives/edgar/data/92122/000009212215000031/so_10qx3312015.htm
2014-12-31,SO,2015-03-02,2015-03-02 10:52:18,FY,4017000000,1240000000,2777000000,0.691311924321633,0.0,0.0,0.0,10426085000,10426085000,13827368000,795583000,2177907000,5588542000,1.39122280309,3410635000,0.849050286283,230000000,2809633000,0.699435648494,902772000,44386000,0.0110495394573,0.31,0.31,897000000,901000000,https://www.sec.gov/Archives/edgar/data/92122/000009212215000015/0000092122-15-000015-index.htm,https://www.sec.gov/Archives/edgar/data/92122/000009212215000015/so_10-kx12312014.htm
2014-09-30,SO,2014-11-06,2014-11-06 13:41:14,Q3,5339000000,1656000000,3683000000,0.6898295560966473,0.0,0.0,0.0,262453000,262453000,349734000,12859000,40404000,129004000,0.0241625772617,88600000,0.0165948679528,258000000,78309000,0.014667353437,29511000,63631000,0.0119181494662,0.8,0.8,894000000,898000000,https://www.sec.gov/Archives/edgar/data/92122/000009212214000069/0000092122-14-000069-index.htm,https://www.sec.gov/Archives/edgar/data/92122/000009212214000069/so_10qx9302014.htm
2014-06-30,SO,2014-08-07,2014-08-07 15:30:09,Q2,4467000000,1462000000,3005000000,0.6727109917170361,0.0,0.0,0.0,3364000000,3364000000,4826000000,-179442000,-512311000,590689000,0.13223393776583836,1103000000,0.24692187150212672,133293000,949000000,0.21244683232594583,-131283000,949000000,0.21244683232594583,0.69,0.68,892000000,896000000,https://www.sec.gov/Archives/edgar/data/92122/000009212214000044/0000092122-14-000044-index.htm,https://www.sec.gov/Archives/edgar/data/92122/000009212214000044/so_10qx6302014.htm
2014-03-31,SO,2014-05-08,2014-05-08 13:50:32,Q1,4644000000,1647000000,2997000000,0.6453488372093024,0.0,0.0,0.0,2839000000,2839000000,3944000000,206000000,587000000,1287000000,0.277131782946,700000000,0.150732127476,247000000,353000000,0.0760120585702,176000000,351000000,0.0755813953488,0.39,0.39,890000000,893000000,https://www.sec.gov/Archives/edgar/data/92122/000009212214000025/0000092122-14-000025-index.htm,https://www.sec.gov/Archives/edgar/data/92122/000009212214000025/so_10qx3312014.htm
2013-12-31,SO,2014-02-27,2014-02-27 16:36:49,FY,3927000000,1294000000,2633000000,0.6704863763687293,0.0,0.0,0.0,2487369000,2487369000,3128000000,196000000,573000000,1372000000,0.349376114082,799000000,0.203463203463,224000000,2391469000,0.608981156099,192000000,414000000,0.105423987777,0.47,0.47,877000000,881000000,https://www.sec.gov/Archives/edgar/data/92122/000009212214000012/0000092122-14-000012-index.htm,https://www.sec.gov/Archives/edgar/data/92122/000009212214000012/so_10-kx12312013.htm
2013-09-30,SO,2013-11-06,2013-11-06 15:02:03,Q3,5017000000,1580000000,3437000000,0.6850707594179789,0.0,0.0,0.0,2710000000,2710000000,3526000000,202000000,585000000,2076000000,0.413793103448,1491000000,0.297189555511,243000000,75114000,0.0149718955551,468000000,852000000,0.169822603149,0.98,0.97,874000000,879000000,https://www.sec.gov/Archives/edgar/data/92122/000009212213000076/0000092122-13-000076-index.htm,https://www.sec.gov/Archives/edgar/data/92122/000009212213000076/so_10qx9302013.htm
2013-06-30,SO,2013-08-06,2013-08-06 12:45:48,Q2,4246000000,1374000000,2872000000,0.6764013188883655,0.0,0.0,0.0,2536000000,2536000000,3606000000,215000000,572000000,1212000000,0.285445124823,640000000,0.150730098917,232000000,54988000,0.0129505416863,158000000,297000000,0.0699481865285,0.34,0.34,872000000,877000000,https://www.sec.gov/Archives/edgar/data/92122/000009212213000050/0000092122-13-000050-index.htm,https://www.sec.gov/Archives/edgar/data/92122/000009212213000050/so_10qx6302013.htm
2013-03-31,SO,2013-05-10,2013-05-10 14:31:48,Q1,3897000000,1262000000,2635000000,0.6761611496022581,0.0,0.0,0.0,2447000000,2447000000,3572000000,211000000,568000000,893000000,0.229150628689,325000000,0.0833974852451,235000000,37429000,0.00960456761611,31000000,81000000,0.0207852193995,0.09,0.09,870000000,875000000,https://www.sec.gov/Archives/edgar/data/92122/000009212213000031/0000092122-13-000031-index.htm,https://www.sec.gov/Archives/edgar/data/92122/000009212213000031/so_10qx3312013.htm
2012-12-31,SO,2013-02-28,2013-02-27 18:33:23,FY,3703000000,3939000000,-236000000,-0.06373210910072914,0.0,0.0,0.0,2335408000,2335408000,2889000000,210000000,543000000,1357000000,0.366459627329,814000000,0.219821766136,659000000,3576793000,0.965917634351,236000000,383000000,0.103429651634,0.44,0.44,871000000,879000000,https://www.sec.gov/Archives/edgar/data/92122/000009212213000014/0000092122-13-000014-index.htm,https://www.sec.gov/Archives/edgar/data/92122/000009212213000014/so_10-kx12312012.htm
2012-09-30,SO,2012-11-07,2012-11-07 16:06:13,Q3,5049000000,469000000,4580000000,0.9071103188750248,0.0,0.0,0.0,2677000000,2677000000,3309000000,218000000,538000000,2278000000,0.451178451178,1740000000,0.344622697564,84000000,79634000,0.0157722321252,569000000,976000000,0.19330560507,1.12,1.1,872000000,880000000,https://www.sec.gov/Archives/edgar/data/92122/000009212212000149/0000092122-12-000149-index.htm,https://www.sec.gov/Archives/edgar/data/92122/000009212212000149/so_10qx9302012.htm
2012-06-30,SO,2012-08-06,2012-08-06 11:43:03,Q2,7785000000,343000000,7442000000,0.9559409120102762,0.0,0.0,0.0,4696000000,4696000000,5876000000,431000000,1064000000,2973000000,0.381888246628,1909000000,0.245215157354,85000000,92573000,0.0118912010276,529000000,991000000,0.127296082209,1.14,1.13,870000000,879000000,https://www.sec.gov/Archives/edgar/data/92122/000009212212000113/0000092122-12-000113-index.htm,https://www.sec.gov/Archives/edgar/data/92122/000009212212000113/so10-Q.htm
2012-03-31,SO,2012-05-07,2012-05-07 11:19:36,Q1,1216000000,306000000,910000000,0.7483552631578947,0.0,0.0,0.0,925000000,925000000,1231000000,0.0,529000000,820000000,0.6743421052631579,291000000,0.2393092105263158,86000000,220000000,0.18092105263157895,0.0,136000000,0.1118421052631579,0.0,0.0,0.0,0.0,https://www.sec.gov/Archives/edgar/data/92122/000009212212000076/0000092122-12-000076-index.htm,https://www.sec.gov/Archives/edgar/data/92122/000009212212000076/march3110q.htm
2011-12-31,SO,2012-02-24,2012-02-24 16:40:28,FY,5702000000,1679000000,4023000000,0.7055419151175026,0.0,0.0,0.0,4188000000,4188000000,5867000000,0.0,747000000,-853000000,-0.14959663276043494,-1600000000,-0.28060329708874077,339000000,-1889000000,-0.3312872676253946,0.0,-2367000000,-0.4151175026306559,0.0,0.0,0.0,0.0,https://www.sec.gov/Archives/edgar/data/92122/000009212212000016/0000092122-12-000016-index.htm,https://www.sec.gov/Archives/edgar/data/92122/000009212212000016/form10-k2011.htm
2011-09-30,SO,2011-11-07,2011-11-07 13:49:30,Q3,0.0,0.0,0.0,0.0,0.0,0.0,0.0,0.0,0.0,0.0,0.0,-1009000.0,2105000.0,0.0,3114000.0,0.0,0.0,3114000.0,0.0,0.0,3114000.0,0.0,0.0,0.0,0.0,0.0,https://www.sec.gov/Archives/edgar/data/92122/000009212211000140/0000092122-11-000140-index.htm,https://www.sec.gov/Archives/edgar/data/92122/000009212211000140/G28005-10Q.HTM.htm
2011-06-30,SO,2011-08-05,2011-08-05 12:26:04,Q2,1440000000,428000000,1012000000,0.7027777777777777,0.0,0.0,0.0,1036000000,1036000000,1464000000,0.0,510000000,914000000,0.6347222222222222,404000000,0.28055555555555556,85000000,331000000,0.2298611111111111,0.0,200000000,0.1388888888888889,0.0,0.0,0.0,0.0,https://www.sec.gov/Archives/edgar/data/92122/000009212211000103/0000092122-11-000103-index.htm,https://www.sec.gov/Archives/edgar/data/92122/000009212211000103/so10-qmarch2011.htm
2011-03-31,SO,2011-05-06,2011-05-06 16:30:01,Q1,1320000000,395000000,925000000,0.7007575757575758,0.0,0.0,0.0,991000000,991000000,1386000000,0.0,501000000,830000000,0.6287878787878788,329000000,0.24924242424242424,85000000,258000000,0.19545454545454546,0.0,162000000,0.12272727272727273,0.0,0.0,1293670886,1299152542,https://www.sec.gov/Archives/edgar/data/92122/000009212211000051/0000092122-11-000051-index.htm,https://www.sec.gov/Archives/edgar/data/92122/000009212211000051/g26628e10vq.htm
2010-12-31,SO,2011-02-25,2011-02-25 15:19:39,FY,17456000000,6699000000,10757000000,0.6162351054078826,0.0,0.0,0.0,13654000000,13654000000,20353000000,0.0,-1375817000000,-1372015000000,-78.59847616865261,3802000000,0.21780476626947753,869000000,3066000000,0.1756416131989001,0.0,3066000000,0.1756416131989001,0.0,0.0,1270743181818,1276545662100,https://www.sec.gov/Archives/edgar/data/92122/000009212211000013/0000092122-11-000013-index.htm,https://www.sec.gov/Archives/edgar/data/92122/000009212211000013/g24641xxe10vk.htm
2010-09-30,SO,2010-11-05,2010-11-05 15:09:36,Q3,5319912000000,1969683000000,3350229000000,0.6297527101952063,0.0,0.0,0.0,3861397000000,3861397000000,5831080000000,0.0,508928000000,1967443000000,0.36982623020831923,1458515000000,0.27416148988930644,235260000000,1275360000000,0.23973328882131884,0.0,1275360000000,0.23973328882131884,0.0,0.0,1246127049180,1256425619834,https://www.sec.gov/Archives/edgar/data/92122/000009212210000126/0000092122-10-000126-index.htm,https://www.sec.gov/Archives/edgar/data/92122/000009212210000126/g24757e10vq.htm
2010-06-30,SO,2010-08-06,2010-08-06 13:40:06,Q2,4207419000000,1628985000000,2578434000000,0.612830336127683,0.0,0.0,0.0,3256368000000,3256368000000,4885353000000,0.0,446015000000,1397066000000,0.33204822243755616,951051000000,0.22604142824852957,214066000000,773891000000,0.18393485412315722,0.0,773891000000,0.18393485412315722,0.0,0.0,1243973333333,1243973333333,https://www.sec.gov/Archives/edgar/data/92122/000009212210000079/0000092122-10-000079-index.htm,https://www.sec.gov/Archives/edgar/data/92122/000009212210000079/g22124e10vq.htm
2010-03-31,SO,2010-05-07,2010-05-07 15:20:14,Q1,4157317000000,1645158000000,2512159000000,0.6042741027446308,0.0,0.0,0.0,3235323000000,3235323000000,4880481000000,0.0,421568000000,1343562000000,0.3231800702231752,921994000000,0.22177620806880977,212195000000,746384000000,0.1795350222270758,0.0,746384000000,0.1795350222270758,0.0,0.0,1257971014,1264077669,https://www.sec.gov/Archives/edgar/data/92122/000009212210000041/0000092122-10-000041-index.htm,https://www.sec.gov/Archives/edgar/data/92122/000009212210000041/g22664e10vq.htm
2009-12-31,SO,2010-02-25,2010-02-25 16:38:34,FY,15743000000,5952000000,9791000000,0.6219272057422346,0.0,0.0,0.0,12475000000,12475000000,18427000000,905000000,-674066000000,-670798000000,-42.60928666709014,3268000000,0.2075843231912596,818000000,2604000000,0.16540684748777235,0.0,2604000000,0.16540684748777235,2.07,2.06,1257971014,1264077669,https://www.sec.gov/Archives/edgar/data/92122/000009212210000009/0000092122-10-000009-index.htm,https://www.sec.gov/Archives/edgar/data/92122/000009212210000009/g21794e10vk.htm
2009-09-30,SO,2009-11-06,2009-11-06 11:10:39,Q3,4681482000000,1733527000000,2947955000000,0.6297055077857824,0.0,0.0,0.0,3266206000000,3266206000000,4999733000000,226345000000,415500000000,1830776000000,0.3910676149133971,1415276000000,0.30231366904753665,212882000000,1242117000000,0.2653255956126714,0.0,1242117000000,0.2653255956126714,1.77,1.76,1283461581920,1290753977272,https://www.sec.gov/Archives/edgar/data/92122/000009212209000089/0000092122-09-000089-index.htm,https://www.sec.gov/Archives/edgar/data/92122/000009212209000089/form10q9-09.htm
2009-06-30,SO,2009-08-06,2009-08-06 12:42:06,Q2,3885164000000,1449138000000,2436026000000,0.6270072511739531,0.0,0.0,0.0,2998970000000,2998970000000,4448108000000,232830000000,438521000000,1324715000000,0.3409675884981947,886194000000,0.22809693490416363,420819000000,720525000000,0.1854554917115468,0.0,720525000000,0.1854554917115468,0.77,0.77,1337155844155,1337155844155,https://www.sec.gov/Archives/edgar/data/92122/000009212209000063/0000092122-09-000063-index.htm,https://www.sec.gov/Archives/edgar/data/92122/000009212209000063/form10q-q209.htm
2009-03-31,SO,2009-05-07,2009-05-07 17:28:16,Q1,3666307000000,1406267000000,2260040000000,0.6164350121252803,0.0,0.0,0.0,3176630000000,3176630000000,4582897000000,225727000000,456833000000,946510000000,0.25816441449120325,489677000000,0.13356137388385642,-12850000000,309085000000,0.08430417856442464,0.0,309085000000,0.08430417856442464,0.16,0.16,1931781250000,1931781250000,https://www.sec.gov/Archives/edgar/data/92122/000009212209000035/0000092122-09-000035-index.htm,https://www.sec.gov/Archives/edgar/data/92122/000009212209000035/g18925e10vq.htm
2008-12-31,SO,2009-02-25,2009-02-25 13:54:36,FY,17127000000,6818000000,10309000000,0.6019151048052782,0.0,0.0,0.0,13621000000,13621000000,20439000000,866000000,-665929000000,-662423000000,-38.67711800081742,3506000000,0.20470601973492147,797000000,2657000000,0.15513516669586033,0.0,2657000000,0.15513516669586033,2.26,2.25,1175663716,1180888888,https://www.sec.gov/Archives/edgar/data/92122/000009212209000011/0000092122-09-000011-index.htm,https://www.sec.gov/Archives/edgar/data/92122/000009212209000011/so10k123108.htm
2008-09-30,SO,2008-11-06,2008-11-06 11:21:04,Q3,964763000000,443273000000,521490000000,0.5405368986994733,0.0,0.0,0.0,837923000000,837923000000,1281196000000,13336000000,433905000000,560745000000,0.5812256481643678,126840000000,0.13147270365882605,48993000000,120525000000,0.12492705462377807,0.0,77693000000,0.08053065882501713,0.0,0.0,1167005940594,1178676000000,https://www.sec.gov/Archives/edgar/data/92122/000009212208000061/0000092122-08-000061-index.htm,https://www.sec.gov/Archives/edgar/data/92122/000009212208000061/soco10q9-08.htm
2008-06-30,SO,2008-08-06,2008-08-06 11:23:29,Q2,4215187000000,1622074000000,2593113000000,0.6151833833232072,0.0,0.0,0.0,3291119000000,3291119000000,4913193000000,228947000000,424101000000,1348169000000,0.3198361069153041,924068000000,0.21922348877997583,198042000000,641334000000,0.15214841002309032,0.0,641334000000,0.15214841002309032,1.01,1.0,1167005940594,1178676000000,https://www.sec.gov/Archives/edgar/data/92122/000009212208000048/0000092122-08-000048-index.htm,https://www.sec.gov/Archives/edgar/data/92122/000009212208000048/soco10q06-08.htm
2008-03-31,SO,2008-05-07,2008-05-07 15:34:19,Q1,3682910000000,1451943000000,2230967000000,0.6057620197072424,0.0,0.0,0.0,2974821000000,2974821000000,4426764000000,217109000000,407690000000,1115779000000,0.30296124531959784,708089000000,0.1922634547137997,189272000000,537342000000,0.14590147464912256,0.0,537342000000,0.14590147464912256,0.47,0.47,1143280851063,1143280851063,https://www.sec.gov/Archives/edgar/data/92122/000009212208000032/0000092122-08-000032-index.htm,https://www.sec.gov/Archives/edgar/data/92122/000009212208000032/soco1stqtr10q.htm
2007-12-31,SO,2008-02-25,2008-02-25 12:28:45,FY,15353000000,5856000000,9497000000,0.6185761740376474,0.0,0.0,0.0,12027000000,12027000000,17883000000,886000000,-559516000000,-556190000000,-36.22679606591546,3326000000,0.21663518530580342,741000000,2569000000,0.16732886080896242,0.0,2569000000,0.16732886080896242,2.29,2.28,1121834061,1126754385,https://www.sec.gov/Archives/edgar/data/92122/000009212208000010/0000092122-08-000010-index.htm,https://www.sec.gov/Archives/edgar/data/92122/000009212208000010/soco10-k1207.htm
2007-09-30,SO,2007-11-06,2007-11-06 12:46:15,Q3,2753974000000,1738693000000,1015281000000,0.3686603431985923,0.0,0.0,0.0,3450460000000,3450460000000,5189153000000,220090000000,375964000000,1757547000000,0.6381857635547757,1381583000000,0.50166886107131,206763000000,1207254000000,0.43836797297287483,0.0,1207254000000,0.43836797297287483,2.03,2.02,1150867487684,1156564851485,https://www.sec.gov/Archives/edgar/data/92122/000009212207000103/0000092122-07-000103-index.htm,https://www.sec.gov/Archives/edgar/data/92122/000009212207000103/southernco10q.htm
2007-06-30,SO,2007-08-06,2007-08-06 12:31:50,Q2,3771928000000,1457506000000,2314422000000,0.6135912456441375,0.0,0.0,0.0,2927871000000,2927871000000,4385377000000,200232000000,368608000000,1212665000000,0.32149738807315514,844057000000,0.22377335940664828,184527000000,634734000000,0.16827839767885283,0.0,634734000000,0.16827839767885283,1.02,1.01,1106869607843,1117828712871,https://www.sec.gov/Archives/edgar/data/92122/000009212207000070/0000092122-07-000070-index.htm,https://www.sec.gov/Archives/edgar/data/92122/000009212207000070/soco10q.htm
2007-03-31,SO,2007-05-07,2007-05-07 14:26:26,Q1,3408669000000,1316519000000,2092150000000,0.6137732939161884,0.0,0.0,0.0,2717342000000,2717342000000,4033861000000,194023000000,363903000000,1055230000000,0.30957244601925266,691327000000,0.20281435363773953,183039000000,494273000000,0.14500469244740397,0.0,494273000000,0.14500469244740397,0.45,0.45,1098384444444,1098384444444,https://www.sec.gov/Archives/edgar/data/92122/000009212207000045/0000092122-07-000045-index.htm,https://www.sec.gov/Archives/edgar/data/92122/000009212207000045/soco10q1stqt.htm
2006-12-31,SO,2007-02-27,2007-02-26 18:11:51,FY,14356000,5152000.0,9204000.0,0.6411256617442185,0.0,0.0,0.0,11132000,11132000,16284000,744000.0,-535254000,-532030000,-37.05976595151853,3224000.0,0.224575090554472,718000.0,2355000.0,0.16404290888826972,0.0,2355000.0,0.16404290888826972,2.12,2.1,1110849.0,1121428.0,https://www.sec.gov/Archives/edgar/data/92122/000009212207000016/0000092122-07-000016-index.htm,https://www.sec.gov/Archives/edgar/data/92122/000009212207000016/soco10k.htm
2006-09-30,SO,2006-11-06,2006-11-06 16:33:51,Q3,4549378000,1625046000,2924332000,0.6427982023036996,0.0,0.0,0.0,3191665000,3191665000,4816711000,185189000,363519000,1721232000,0.3783444681888381,1357713000,0.2984392591690556,186631000,1143414000,0.251334138425077,0.0,1143414000,0.251334138425077,1.87,1.86,1133865775,1139961827,https://www.sec.gov/Archives/edgar/data/92122/000009212206000298/0000092122-06-000298-index.htm,https://www.sec.gov/Archives/edgar/data/92122/000009212206000298/g03994c1corresp.htm
2006-06-30,SO,2006-08-03,2006-08-03 13:28:11,Q2,3591503000,1307650000,2283853000,0.6359045224241773,0.0,0.0,0.0,2784438000,2784438000,4092088000,180695000,344102000,1151167000,0.32052513947503314,807065000,0.22471511230813396,179200000,609779000,0.16978379246794448,0.0,609779000,0.16978379246794448,0.87,0.87,1122890804,1122890804,https://www.sec.gov/Archives/edgar/data/92122/000009212206000291/0000092122-06-000291-index.htm,https://www.sec.gov/Archives/edgar/data/92122/000009212206000291/soco63006.htm
2006-03-31,SO,2006-05-04,2006-05-04 16:04:06,Q1,3063260000,1048545000,2014715000,0.6577029047485359,0.0,0.0,0.0,2472967000,2472967000,3521512000,176375000,351946000,942239000,0.30759354413272133,590293000,0.19270091340597925,175003000,367136000,0.11985140014233203,0.0,367136000,0.11985140014233203,0.35,0.35,1048960000,1048960000,https://www.sec.gov/Archives/edgar/data/92122/000009212206000228/0000092122-06-000228-index.htm,https://www.sec.gov/Archives/edgar/data/92122/000009212206000228/g01238-soco.htm
2005-12-31,SO,2006-02-27,2006-02-27 17:30:15,FY,13554000,4495000.0,9059000.0,0.6683635827062122,0.0,0.0,0.0,10592000,10592000,15087000,619000.0,-551959000,-548997000,-40.50442673749447,2962000.0,0.21853327431016675,680000.0,2186000.0,0.16128080271506567,0.0,2186000.0,0.16128080271506567,2.14,2.13,1021495.0,1026291.0,https://www.sec.gov/Archives/edgar/data/92122/000009212206000153/0000092122-06-000153-index.htm,https://www.sec.gov/Archives/edgar/data/92122/000009212206000153/g99802e10vk.htm
2005-09-30,SO,2005-11-03,2005-11-03 11:41:42,Q3,4377644000,1432376000,2945268000,0.672797513913877,0.0,0.0,0.0,3115091000,3115091000,4547467000,162175000,363668000,1626221000,0.3714831539522172,1262553000,0.28840924479012,179103000,-934291000,-0.21342324775609894,0.0,-934291000,-0.21342324775609894,1.92,1.92,983464210,983464210,https://www.sec.gov/Archives/edgar/data/92122/000009212205000380/0000092122-05-000380-index.htm,https://www.sec.gov/Archives/edgar/data/92122/000009212205000380/final10q9-05.htm
2005-06-30,SO,2005-08-03,2005-08-03 12:24:35,Q2,3144435000,1012474000,2131961000,0.6780108350148755,0.0,0.0,0.0,2426320000,2426320000,3438794000,154216000,344134000,1062249000,0.3378187178300712,718115000,0.22837648098943053,162863000,532008000,0.16919033149039495,0.0,532008000,0.16919033149039495,0.95,0.95,983464210,983464210,https://www.sec.gov/Archives/edgar/data/92122/000009212205000331/0000092122-05-000331-index.htm,https://www.sec.gov/Archives/edgar/data/92122/000009212205000331/final10q6-05.htm
2005-03-31,SO,2005-05-04,2005-05-04 09:41:20,Q1,2864460000,921384000,1943076000,0.6783393728660899,0.0,0.0,0.0,2295398000,2295398000,3216782000,138986000,343071000,912133000,0.31843104808585215,569062000,0.19866292425099322,162998000,402283000,0.1404393847356919,0.0,402283000,0.1404393847356919,0.43,0.43,935541860,935541860,https://www.sec.gov/Archives/edgar/data/92122/000009212205000223/0000092122-05-000223-index.htm,https://www.sec.gov/Archives/edgar/data/92122/000009212205000223/form10q_3-05.htm
2004-12-31,SO,2005-03-01,2005-02-28 21:51:12,FY,11902000,3521000.0,8381000.0,0.7041673668291043,0.0,0.0,0.0,9075000.0,9075000.0,12596000,540000.0,-369829000,-367002000,-30.83532179465636,2827000.0,0.23752310536044363,627000.0,2119000.0,0.17803730465467987,0.0,2119000.0,0.17803730465467987,2.07,2.06,1023671.0,1028640.0,https://www.sec.gov/Archives/edgar/data/92122/000095014405001905/0000950144-05-001905-index.htm,https://www.sec.gov/Archives/edgar/data/92122/000095014405001905/southernco10k2004.htm
2004-09-30,SO,2004-11-05,2004-11-05 14:39:54,Q3,287339000,2691261000,-2403922000,-8.366152871695105,0.0,0.0,0.0,6750996000,6750996000,9442257000,401971000,299034000,2730053000,9.501157169754192,2431019000,8.46045611629469,474232000,1915437000,6.666122593869958,0.0,1915437000,6.666122593869958,1.8,1.8,1064131666,1064131666,https://www.sec.gov/Archives/edgar/data/92122/000009212204000411/0000092122-04-000411-index.htm,https://www.sec.gov/Archives/edgar/data/92122/000009212204000411/form10q9-04.htm
2004-06-30,SO,2004-08-05,2004-08-05 15:42:47,Q2,2987160000,901131000,2086029000,0.6983318603623508,0.0,0.0,0.0,2323374000,2323374000,3224505000,138613000,273977000,937763000,0.31393129259899033,663786000,0.22221307194793716,154583000,511152000,0.17111637809826055,0.0,511152000,0.17111637809826055,0.93,0.93,1038009677,1038009677,https://www.sec.gov/Archives/edgar/data/92122/000009212204000306/0000092122-04-000306-index.htm,https://www.sec.gov/Archives/edgar/data/92122/000009212204000306/form10q2nd04.htm
