date,symbol,fillingDate,acceptedDate,period,revenue,costOfRevenue,grossProfit,grossProfitRatio,researchAndDevelopmentExpenses,generalAndAdministrativeExpenses,sellingAndMarketingExpenses,otherExpenses,operatingExpenses,costAndExpenses,interestExpense,depreciationAndAmortization,ebitda,ebitdaratio,operatingIncome,operatingIncomeRatio,totalOtherIncomeExpensesNet,incomeBeforeTax,incomeBeforeTaxRatio,incomeTaxExpense,netIncome,netIncomeRatio,eps,epsdiluted,weightedAverageShsOut,weightedAverageShsOutDil,link,finalLink
2020-03-31,SPG,2020-05-11,None,Q1,1353360000,105624000,1247736000,0.921954247207,0.0,6894000.0,0.0,61367000,68261000,698491000,0.0,340265000,995134000,0.735306200863,654869000,0.483883815097,0.0,504617000,0.372862357392,0.0,437605000,0.323347076905,1.43,1.43,0.0,0.0,https://www.sec.gov/Archives/edgar/data/1063761/000155837020006251/0001558370-20-006251-index.htm,https://www.sec.gov/Archives/edgar/data/1063761/000155837020006251/spg-20200331x10q.htm
2019-12-31,SPG,2020-02-21,2020-02-21 10:36:58,FY,1488615000,0.0,1488615000,1.0,0.0,7332000.0,0.0,704407000,711739000,711739000,189812000,339065000,339065000,0.22777212375261568,0.0,0.0,103202000,0.0,0.0,0.0,835135000,0.0,6.81,6.81,0.0,0.0,https://www.sec.gov/Archives/edgar/data/1063761/000155837020001135/0001558370-20-001135-index.htm,https://www.sec.gov/Archives/edgar/data/1063761/000155837020001135/spg-20191231x10k.htm
2019-09-30,SPG,2019-11-06,2019-11-06 08:24:08,Q3,1416555000,121735000,1294820000,0.9140626378785152,0.0,8032000.0,0.0,58665000,66697000,711253000,202381000,343359000,1048661000,0.74028964636,705302000,0.497899481489,79670000,636898000,0.44961049871,0.0,544254000,0.384209578873,1.77,1.77,0.0,0.0,https://www.sec.gov/Archives/edgar/data/1063761/000155837019010077/0001558370-19-010077-index.htm,https://www.sec.gov/Archives/edgar/data/1063761/000155837019010077/spg-20190930x10q.htm
2019-06-30,SPG,2019-08-07,2019-08-07 06:30:44,Q2,1397185000,217669000,1179516000,0.8442088914495933,0.0,10360000,0.0,711510000,721870000,721870000,198427000,371830000,1047145000,0.749467679656,675315000,0.483339715213,70372000,563080000,0.403010338645,0.0,495324000,0.354515686899,1.6,1.6,0.0,0.0,https://www.sec.gov/Archives/edgar/data/1063761/000155837019007355/0001558370-19-007355-index.htm,https://www.sec.gov/Archives/edgar/data/1063761/000155837019007355/spg-20190630x10q.htm
2019-03-31,SPG,2019-05-08,2019-05-08 06:16:37,Q1,1452834000,0.0,1452834000,1.0,0.0,9136000.0,0.0,168776000,177912000,702496000,0.0,339918000,1090256000,0.750433979381,750338000,0.516465060702,0.0,637777000,0.438988212005,0.0,548475000,0.377520762868,1.78,1.78,0.0,0.0,https://www.sec.gov/Archives/edgar/data/1063761/000155837019004352/0001558370-19-004352-index.htm,https://www.sec.gov/Archives/edgar/data/1063761/000155837019004352/spg-20190331x10q.htm
2018-12-31,SPG,2019-02-22,2019-02-22 06:47:24,FY,1460742000,115216000,1345526000,0.9211250172857356,0.0,10830000,0.0,83291000,94121000,706653000,204338000,340105000,1094194000,0.749067254861,754089000,0.516236953548,326575000,824782000,0.564632221159,0.0,712796000,0.487968443435,2.3,2.3,2006.0,2006.0,https://www.sec.gov/Archives/edgar/data/1063761/000155837019000875/0001558370-19-000875-index.htm,https://www.sec.gov/Archives/edgar/data/1063761/000155837019000875/spg-20181231x10k.htm
2018-09-30,SPG,2018-11-02,2018-11-02 06:22:42,Q3,1409005000,119020000,1289985000,0.9155290435449129,0.0,12171000,0.0,63604000,75775000,691614000,199470000,335604000,1052995000,0.747332337359,717391000,0.509147235106,90562000,638259000,0.45298561751,0.0,556267000,0.394794198743,1.8,1.8,0.0,0.0,https://www.sec.gov/Archives/edgar/data/1063761/000155837018008301/0001558370-18-008301-index.htm,https://www.sec.gov/Archives/edgar/data/1063761/000155837018008301/spg-20180930x10q.htm
2018-06-30,SPG,2018-08-02,2018-08-02 06:11:29,Q2,1388358000,102952000,1285406000,0.9258462154573964,0.0,10914000,0.0,47366000,58280000,650684000,206623000,339395000,1077069000,0.775786216523,737674000,0.531328374958,97821000,616956000,0.444378179115,6220000.0,547004000,0.393993480068,1.77,1.77,0.0,0.0,https://www.sec.gov/Archives/edgar/data/1063761/000155837018006144/0001558370-18-006144-index.htm,https://www.sec.gov/Archives/edgar/data/1063761/000155837018006144/spg-20180630x10q.htm
2018-03-31,SPG,2018-05-03,2018-05-03 06:17:10,Q1,1399814000,113448000,1286366000,0.918954946872,0.0,12628000,0.0,66302000,78930000,697881000,0.0,334672000,1036605000,0.740530527627,701933000,0.501447335146,0.0,724334000,0.517450175523,0.0,620654000,0.443383192338,2.0,2.0,0.0,0.0,https://www.sec.gov/Archives/edgar/data/1063761/000155837018003817/0001558370-18-003817-index.htm,https://www.sec.gov/Archives/edgar/data/1063761/000155837018003817/spg-20180331x10q.htm
2017-12-31,SPG,2018-02-23,2018-02-23 06:36:17,FY,1427692000,112951000,1314741000,0.9208855971736201,0.0,11883000,0.0,71214000,83097000,678240000,204985000,345016000,1094468000,0.766599518664,749452000,0.524939552789,290515000,660646000,0.462737060935,0.0,571116000,0.400027456902,1.83,1.83,1976.0,1976.0,https://www.sec.gov/Archives/edgar/data/1063761/000155837018000981/0001558370-18-000981-index.htm,https://www.sec.gov/Archives/edgar/data/1063761/000155837018000981/spg-20171231x10k.htm
2017-09-30,SPG,2017-10-30,2017-10-30 07:02:45,Q3,1403637000,118807000,1284830000,0.915357745627965,0.0,13014000,0.0,93057000,106071000,713568000,199035000,336727000,1026796000,0.731525316018,690069000,0.491629246023,90158000,584384000,0.416335562542,0.0,513783000,0.36603694545,1.66,1.66,0.0,0.0,https://www.sec.gov/Archives/edgar/data/1063761/000155837017007678/0001558370-17-007678-index.htm,https://www.sec.gov/Archives/edgar/data/1063761/000155837017007678/spg-20170930x10q.htm
2017-06-30,SPG,2017-08-04,2017-08-04 06:18:53,Q2,1361548000,107371000,1254177000,0.921140495964887,0.0,13074000,0.0,58309000,71383000,675400000,207171000,339859000,1026007000,0.753559184105,686148000,0.503946977999,68339000,437859000,0.321589102992,-3521000.0,381990000,0.280555661644,1.22,1.22,0.0,0.0,https://www.sec.gov/Archives/edgar/data/1063761/000155837017005905/0001558370-17-005905-index.htm,https://www.sec.gov/Archives/edgar/data/1063761/000155837017005905/spg-20170630x10q.htm
2017-03-31,SPG,2017-05-03,2017-05-03 06:17:03,Q1,1345763000,104048000,1241715000,0.92268475207,0.0,14001000,0.0,59762000,73763000,669092000,0.0,335749000,1012420000,0.752301854041,676671000,0.502815874712,0.0,566279000,0.420786572376,0.0,477736000,0.354992669586,1.53,1.53,0.0,0.0,https://www.sec.gov/Archives/edgar/data/1063761/000155837017003316/0001558370-17-003316-index.htm,https://www.sec.gov/Archives/edgar/data/1063761/000155837017003316/spg-20170331x10q.htm
2016-12-31,SPG,2017-02-24,2017-02-24 06:21:48,FY,1425966000,104479000,1321487000,0.9267310721293495,0.0,19939000,0.0,88994000,108933000,725466000,209506000,355900000,1056400000,0.740831127811,700500000,0.491245934335,237782000,293954000,0.206143764999,0.0,394431000,0.276606174341,1.26,1.26,2023.0,2023.0,https://www.sec.gov/Archives/edgar/data/1063761/000155837017000934/0001558370-17-000934-index.htm,https://www.sec.gov/Archives/edgar/data/1063761/000155837017000934/spg-20161231x10k.htm
2016-09-30,SPG,2016-11-03,2016-11-03 06:25:58,Q3,1357168000,120098000,1237070000,0.9115083762658713,0.0,15154000,0.0,58204000,73358000,680977000,214863000,329400000,1005591000,0.740948062436,676191000,0.498236769508,54372000,592642000,0.436675488959,0.0,504744000,0.371909741462,1.6,1.6,0.0,0.0,https://www.sec.gov/Archives/edgar/data/1063761/000155837016009130/0001558370-16-009130-index.htm,https://www.sec.gov/Archives/edgar/data/1063761/000155837016009130/spg-20160930x10q.htm
2016-06-30,SPG,2016-08-04,2016-08-04 06:05:01,Q2,1315380000,104757000,1210623000,0.9203598959996351,0.0,15125000,0.0,57059000,72184000,656144000,213995000,324847000,984083000,0.748135899892,659236000,0.501175325761,60364000,526883000,0.400555732944,-15186000,455389000,0.346203378491,1.46,1.46,0.0,0.0,https://www.sec.gov/Archives/edgar/data/1063761/000104746916014660/0001047469-16-014660-index.htm,https://www.sec.gov/Archives/edgar/data/1063761/000104746916014660/a2229269z10-q.htm
2016-03-31,SPG,2016-05-05,2016-05-05 06:07:35,Q1,1336715000,103060000,1233655000,0.922900543497,0.0,14864000,0.0,55517000,70381000,651814000,0.0,317799000,1002700000,0.750122501805,684901000,0.512376235772,0.0,721227000,0.539551811718,15186000,480995000,0.359833621976,1.55,1.55,0.0,0.0,https://www.sec.gov/Archives/edgar/data/1063761/000104746916012892/0001047469-16-012892-index.htm,https://www.sec.gov/Archives/edgar/data/1063761/000104746916012892/a2228363z10-q.htm
2015-12-31,SPG,2016-02-26,2016-02-26 06:04:06,FY,1380621000,110565000,1270056000,0.9199164723700421,0.0,15147000,0.0,64938000,80085000,670891000,230896000,318525000,1028255000,0.744777169114,709730000,0.514065771852,236726000,459918000,0.33312400724,6730000.0,392297000,0.28414532301,1.26,1.26,2029.0,2029.0,https://www.sec.gov/Archives/edgar/data/1063761/000104746916010465/0001047469-16-010465-index.htm,https://www.sec.gov/Archives/edgar/data/1063761/000104746916010465/a2227275z10-k.htm
2015-09-30,SPG,2015-11-04,2015-11-04 14:13:19,Q3,1320137000,115820000,1204317000,0.9122666814126109,0.0,14838000,0.0,70355000,85193000,662550000,229654000,305440000,963027000,0.729490196851,657587000,0.498120270851,72545000,492495000,0.373063553252,3659000.0,420008000,0.31815485817,1.36,1.36,0.0,0.0,https://www.sec.gov/Archives/edgar/data/1063761/000104746915008315/0001047469-15-008315-index.htm,https://www.sec.gov/Archives/edgar/data/1063761/000104746915008315/a2226328z10-q.htm
2015-06-30,SPG,2015-08-05,2015-08-05 06:01:32,Q2,1349110000,99841000,1249269000,0.9259949151662948,0.0,15345000,0.0,64567000,79912000,646725000,230974000,312582000,1014967000,0.752323383564,702385000,0.520628414288,139606000,554527000,0.411031717206,3419000.0,472944000,0.350559998814,1.53,1.53,0.0,0.0,https://www.sec.gov/Archives/edgar/data/1063761/000104746915006560/0001047469-15-006560-index.htm,https://www.sec.gov/Archives/edgar/data/1063761/000104746915006560/a2225497z10-q.htm
2015-03-31,SPG,2015-05-07,2015-05-07 06:01:28,Q1,1216235000,99757000,1116478000,0.917978844549,0.0,14999000,0.0,37830000,52829000,617064000,0.0,302667000,901838000,0.741499792392,599171000,0.492644102497,0.0,632435000,0.519994080091,6362000.0,539134000,0.443281109325,1.73,1.73,0.0,0.0,https://www.sec.gov/Archives/edgar/data/1063761/000104746915004471/0001047469-15-004471-index.htm,https://www.sec.gov/Archives/edgar/data/1063761/000104746915004471/a2224383z10-q.htm
2014-12-31,SPG,2015-02-27,2015-02-27 06:05:45,FY,1297120000,104280000,1192840000,0.919606512890095,0.0,15116000,0.0,66726000,81842000,641832000,233656000,312150000,967438000,0.74583538917,655288000,0.50518687554,293419000,475992000,0.366960651289,8007000.0,405048000,0.312267176514,1.3,1.3,1945.0,1945.0,https://www.sec.gov/Archives/edgar/data/1063761/000104746915001339/0001047469-15-001339-index.htm,https://www.sec.gov/Archives/edgar/data/1063761/000104746915001339/a2222982z10-k.htm
2014-09-30,SPG,2014-11-05,2014-11-05 06:01:29,Q3,1234694000,106741000,1127953000,0.9135486201439385,0.0,14388000,0.0,63048000,77436000,627136000,249781000,302920000,910478000,0.737411860753,607558000,0.492071719795,54986000,296963000,0.240515463751,6589000.0,251968000,0.20407323596,0.81,0.81,0.0,0.0,https://www.sec.gov/Archives/edgar/data/1063761/000104746914008827/0001047469-14-008827-index.htm,https://www.sec.gov/Archives/edgar/data/1063761/000104746914008827/a2221917z10-q.htm
2014-06-30,SPG,2014-08-07,2014-08-07 06:02:16,Q2,1024013000,66490000,957523000,0.9350691836920039,0.0,15599000,0.0,91649000,107248000,517389000,241013000,340152000,846776000,0.826919189502,506624000,0.494743719074,35891000,438731000,0.428442802972,6551000.0,406587000,0.397052576481,1.31,1.31,0.0,0.0,https://www.sec.gov/Archives/edgar/data/1063761/000104746914006709/0001047469-14-006709-index.htm,https://www.sec.gov/Archives/edgar/data/1063761/000104746914006709/a2220961z10-q.htm
2014-03-31,SPG,2014-05-07,2014-05-07 06:02:52,Q1,1314991000,121087000,1193904000,0.90791800096,0.0,14855000,0.0,45051000,59906000,699119000,0.0,330562000,946434000,0.719726598889,615872000,0.468346931652,0.0,410479000,0.31215346721,6938000.0,341648000,0.259810143187,1.1,1.1,0.0,0.0,https://www.sec.gov/Archives/edgar/data/1063761/000104746914004661/0001047469-14-004661-index.htm,https://www.sec.gov/Archives/edgar/data/1063761/000104746914004661/a2219880z10-q.htm
2013-12-31,SPG,2014-02-27,2014-02-27 06:03:32,FY,1416261000,121039000,1295222000,0.9145362330813318,0.0,15327000,0.0,70861000,86188000,723715000,287657000,341235000,1033781000,0.729936784251,692546000,0.48899602545,0.0,450441000,0.31804942733,9791000.0,381555000,0.269410087547,1.23,1.23,1812.0,1812.0,https://www.sec.gov/Archives/edgar/data/1063761/000104746914001416/0001047469-14-001416-index.htm,https://www.sec.gov/Archives/edgar/data/1063761/000104746914001416/a2218246z10-k.htm
2013-09-30,SPG,2013-11-06,2013-11-06 06:01:43,Q3,1302256000,126706000,1175550000,0.9027026944011008,0.0,14546000,0.0,56530000,71076000,701691000,284491000,338361000,938926000,0.720999557691,600565000,0.461172764802,48620000,397224000,0.305027582902,7767000.0,311675000,0.239334662309,1.0,1.0,0.0,0.0,https://www.sec.gov/Archives/edgar/data/1063761/000104746913010290/0001047469-13-010290-index.htm,https://www.sec.gov/Archives/edgar/data/1063761/000104746913010290/a2217122z10-q.htm
2013-06-30,SPG,2013-08-07,2013-08-07 06:05:30,Q2,1236563000,117478000,1119085000,0.9049963487505287,0.0,15421000,0.0,47965000,63386000,671674000,279965000,331380000,896269000,0.724806580821,564889000,0.456821852182,33179000,377704000,0.305446629084,8983000.0,339936000,0.274903907039,1.1,1.1,0.0,0.0,https://www.sec.gov/Archives/edgar/data/1063761/000104746913008154/0001047469-13-008154-index.htm,https://www.sec.gov/Archives/edgar/data/1063761/000104746913008154/a2216092z10-q.htm
2013-03-31,SPG,2013-05-08,2013-05-08 06:05:42,Q1,1215058000,109910000,1105148000,0.909543412742,0.0,14509000,0.0,39259000,53768000,657369000,0.0,321974000,879663000,0.723967909351,557689000,0.458981381959,0.0,343913000,0.283042455586,13193000,283138000,0.233024267154,0.91,0.91,0.0,0.0,https://www.sec.gov/Archives/edgar/data/1063761/000104746913005687/0001047469-13-005687-index.htm,https://www.sec.gov/Archives/edgar/data/1063761/000104746913005687/a2214752z10-q.htm
2012-12-31,SPG,None,Not found...,FY,1344432000,116619000,1227813000,0.9132577921382413,0.0,14357000,0.0,65000000,79357000,721747000,291493000,360994000,983679000,0.731668838588,622685000,0.463158419318,0.0,340084000,0.252957382746,14094000,315383000,0.234584568056,1.01,1.01,303137350,303138422,updating...,None
2012-09-30,SPG,2012-11-07,2012-11-07 06:01:45,Q3,1228617000,132378000,1096239000,0.892254461724036,0.0,14165000,0.0,52751000,66916000,667665000,288896000,320121000,881073000,0.717125841495,560952000,0.456571901577,43671000,328714000,0.267547982813,97000.0,254921000,0.207486140921,0.84,0.84,0.0,0.0,https://www.sec.gov/Archives/edgar/data/1063761/000104746912010136/0001047469-12-010136-index.htm,https://www.sec.gov/Archives/edgar/data/1063761/000104746912010136/a2211486z10-q.htm
2012-06-30,SPG,2012-08-08,2012-08-08 06:02:46,Q2,1188066000,116018000,1072048000,0.9023471759986398,0.0,14733000,0.0,52645000,67378000,666712000,288557000,321687000,843041000,0.709591049655,521354000,0.43882578914,51626000,191368000,0.16107522646,992000.0,215445000,0.181340935605,0.69,0.69,0.0,0.0,https://www.sec.gov/Archives/edgar/data/1063761/000104746912007907/0001047469-12-007907-index.htm,https://www.sec.gov/Archives/edgar/data/1063761/000104746912007907/a2210411z10-q.htm
2012-03-31,SPG,2012-05-08,2012-05-08 06:02:23,Q1,1118969000,104740000,1014229000,0.906395977011,0.0,13889000,0.0,38876000,52765000,603360000,0.0,298502000,814111000,0.727554561386,515609000,0.460789351626,0.0,867112000,0.774920484839,891000.0,645410000,0.57678988426,2.18,2.18,0.0,0.0,https://www.sec.gov/Archives/edgar/data/1063761/000104746912005497/0001047469-12-005497-index.htm,https://www.sec.gov/Archives/edgar/data/1063761/000104746912005497/a2209128z10-q.htm
2011-12-31,SPG,None,Not found...,FY,1171338000,105558000,1065780000,0.9098825445772271,0.0,14705000,0.0,70207000,84912000,638256000,246508000,293385000,826467000,0.705575162763,533082000,0.455105187401,0.0,451261000,0.385252591481,877000.0,362930000,0.309842248779,1.24,1.24,293504064,293573472,updating...,None
2011-09-30,SPG,2011-11-03,2011-11-03 13:17:48,Q3,1074359000,122446000,951913000,0.8860287855363058,0.0,14974000,0.0,48783000,63757000,590761000,244384000,274638000,758236000,0.705756641867,483598000,0.450127005964,47428000,155442000,0.144683481034,860000.0,274000000,0.255035793436,0.93,0.93,0.0,0.0,https://www.sec.gov/Archives/edgar/data/1063761/000104746911008987/0001047469-11-008987-index.htm,https://www.sec.gov/Archives/edgar/data/1063761/000104746911008987/a2206075z10-q.htm
2011-06-30,SPG,2011-08-05,2011-08-05 06:02:31,Q2,1040861000,109026000,931835000,0.8952540252733074,0.0,8973000.0,0.0,44184000,53157000,573289000,244515000,270136000,737708000,0.70874785394,467572000,0.449216562058,52430000,281073000,0.270038938917,704000.0,205120000,0.19706761998,0.7,0.7,0.0,0.0,https://www.sec.gov/Archives/edgar/data/1063761/000104746911006968/0001047469-11-006968-index.htm,https://www.sec.gov/Archives/edgar/data/1063761/000104746911006968/a2205003z10-q.htm
2011-03-31,SPG,2011-05-06,2011-05-06 07:28:50,Q1,1019874000,99541000,920333000,0.902398727686,0.0,7667000.0,0.0,40906000,48573000,568984000,0.0,274279000,725169000,0.711037834085,450890000,0.442103632409,0.0,236467000,0.231859033567,1142000.0,179412000,0.175915848428,0.61,0.61,0.0,0.0,https://www.sec.gov/Archives/edgar/data/1063761/000104746911004670/0001047469-11-004670-index.htm,https://www.sec.gov/Archives/edgar/data/1063761/000104746911004670/a2203817z10-q.htm
2010-12-31,SPG,None,Not found...,FY,1119718000,98615000,1021103000,0.9119287177664376,0.0,5358000.0,0.0,64692000,70050000,615656000,252405000,284634000,788696000,0.704370207499,504062000,0.450168703191,0.0,294498000,0.263010865236,2291000.0,217923000,0.194623110462,0.75,0.75,291076008,291350468,updating...,None
2010-09-30,SPG,2010-11-05,2010-11-05 06:35:50,Q3,979275000,115647000,863628000,0.8819054913073447,0.0,5170000.0,0.0,84937000,90107000,581481000,249264000,257314000,655108000,0.668972454111,397794000,0.406212759439,43871000,332377000,0.339411299175,-249000.0,230624000,0.235504837763,0.79,0.79,0.0,0.0,https://www.sec.gov/Archives/edgar/data/1063761/000104746910009266/0001047469-10-009266-index.htm,https://www.sec.gov/Archives/edgar/data/1063761/000104746910009266/a2200627z10-q.htm
2010-06-30,SPG,2010-08-06,2010-08-06 07:00:17,Q2,933566000,101234000,832332000,0.8915620320362995,0.0,5627000.0,0.0,46554000,52181000,518099000,261463000,240223000,655690000,0.7023499142,415467000,0.445032274097,54890000,135203000,0.144824254525,202000.0,152504000,0.163356420435,0.53,0.53,0.0,0.0,https://www.sec.gov/Archives/edgar/data/1063761/000104746910007096/0001047469-10-007096-index.htm,https://www.sec.gov/Archives/edgar/data/1063761/000104746910007096/a2199605z10-q.htm
2010-03-31,SPG,2010-05-10,2010-05-10 07:30:53,Q1,925071000,98768000,826303000,0.893231978951,0.0,5112000.0,0.0,38028000,43140000,498155000,0.0,233856000,660772000,0.714293281272,426916000,0.461495387922,0.0,-8564000.0,-0.00925766778982,202000.0,9373000.0,0.0101321952585,0.03,0.03,0.0,0.0,https://www.sec.gov/Archives/edgar/data/1063761/000104746910004999/0001047469-10-004999-index.htm,https://www.sec.gov/Archives/edgar/data/1063761/000104746910004999/a2198289z10-q.htm
2009-12-31,SPG,2010-02-25,2010-02-25 11:12:02,FY,512428000,0.0,512428000,1.0,0.0,-13867000,0.0,359536000,345669000,345669000,156179000,244165000,410924000,0.8019155861896696,166759000,0.32542913345874935,58120000,255668000,0.4989344844544014,-2904000.0,258572000,0.5046016220815412,0.170265,0.170265,1518.0,1518.0,https://www.sec.gov/Archives/edgar/data/1063761/000104746910001324/0001047469-10-001324-index.htm,https://www.sec.gov/Archives/edgar/data/1063761/000104746910001324/a2196642z10-k.htm
2009-09-30,SPG,2009-11-05,2009-11-05 15:08:43,Q3,924932000,0.0,924932000,1.0,0.0,4509000.0,0.0,528246000,532755000,532755000,257881000,253493000,645670000,0.6980729394160868,392177000,0.42400630532839173,36427000,238000.0,0.00025731621351623686,238000.0,0.0,0.0,0.73,0.73,0.0,0.0,https://www.sec.gov/Archives/edgar/data/1063761/000104746909009591/0001047469-09-009591-index.htm,https://www.sec.gov/Archives/edgar/data/1063761/000104746909009591/a2195218z10-q.htm
2009-06-30,SPG,2009-08-05,2009-08-05 12:23:20,Q2,903612000,0.0,903612000,1.0,0.0,5310000.0,0.0,673604000,678914000,678914000,244443000,254227000,478925000,0.5300117749653612,224698000,0.24866646303944615,34899000,2666000.0,0.002950381358370628,2666000.0,0.0,0.0,0.34,0.34,0.0,0.0,https://www.sec.gov/Archives/edgar/data/1063761/000104746909007222/0001047469-09-007222-index.htm,https://www.sec.gov/Archives/edgar/data/1063761/000104746909007222/a2193958z10-q.htm
2009-03-31,SPG,2009-05-01,2009-05-01 16:25:01,Q1,918492000,0.0,918492000,1.0,0.0,4048000.0,0.0,550228000,554276000,554276000,226036000,257605000,621821000,0.6770020860279676,364216000,0.39653693227594794,45165000,0.0,0.0,0.0,0.0,0.0,0.45,0.45,246614.0,246614.0,https://www.sec.gov/Archives/edgar/data/1063761/000104746909004889/0001047469-09-004889-index.htm,https://www.sec.gov/Archives/edgar/data/1063761/000104746909004889/a2192654z10-q.htm
2008-12-31,SPG,2009-02-26,2009-02-26 17:05:34,FY,1029316000,0.0,1029316000,1.0,0.0,5555000.0,0.0,577943000,583498000,583498000,244933000,269975000,715793000,0.6954064640984887,445818000,0.4331206354511151,62264000,150337000,0.1460552444535983,-2005000.0,152342000,0.14800313994924785,1.88,1.88,246614893,246614893,https://www.sec.gov/Archives/edgar/data/1063761/000104746909001894/0001047469-09-001894-index.htm,https://www.sec.gov/Archives/edgar/data/1063761/000104746909001894/a2190804z10-k.htm
2008-09-30,SPG,2008-11-07,2008-11-07 16:15:43,Q3,935594000,0.0,935594000,1.0,0.0,5035000.0,0.0,546864000,551899000,551899000,239955000,236337000,620032000,0.6627148100564989,383695000,0.410108444474847,41395000,123121000,0.13159661135064996,-972000.0,124093000,0.13263552352836808,1.23,1.23,253084.0,253084.0,https://www.sec.gov/Archives/edgar/data/1063761/000104746908011822/0001047469-08-011822-index.htm,https://www.sec.gov/Archives/edgar/data/1063761/000104746908011822/a2188939z10-q.htm
2008-06-30,SPG,2008-08-06,2008-08-06 15:30:27,Q2,922947000,0.0,922947000,1.0,0.0,5095000.0,0.0,538446000,543541000,543541000,232335000,225505000,604911000,0.6554124993092778,379406000,0.41108102632112137,44230000,87290000,0.09457747844675805,-627000.0,87917000,0.09525682406465377,0.73,0.73,256439.0,256439.0,https://www.sec.gov/Archives/edgar/data/1063761/000104746908008808/0001047469-08-008808-index.htm,https://www.sec.gov/Archives/edgar/data/1063761/000104746908008808/a2187193z10-q.htm
2008-03-31,SPG,2008-05-09,2008-05-09 14:00:58,Q1,895298000,0.0,895298000,1.0,0.0,5302000.0,0.0,538038000,543340000,543340000,229917000,225010000,576968000,0.6444424091196451,351958000,0.393118269000936,44697000,99307000,0.11092060967409734,23000.0,99284000,0.11089491990376389,0.39,0.39,254574358,254574358,https://www.sec.gov/Archives/edgar/data/1063761/000104746908006292/0001047469-08-006292-index.htm,https://www.sec.gov/Archives/edgar/data/1063761/000104746908006292/a2185616z10-q.htm
2007-09-30,SPG,2007-11-02,2007-11-02 14:35:57,Q3,907145000,0.0,907145000,1.0,0.0,4887000.0,0.0,523559000,528446000,528446000,238155000,217499000,596198000,0.6572245892332538,378699000,0.4174624784350903,46584000,178579000,0.19685827513793275,-648000.0,179227000,0.19757260415920277,0.74,0.74,242198.0,242198.0,https://www.sec.gov/Archives/edgar/data/1063761/000104746907008330/0001047469-07-008330-index.htm,https://www.sec.gov/Archives/edgar/data/1063761/000104746907008330/a2180623z10-q.htm
2007-06-30,SPG,2007-08-08,2007-08-08 17:09:05,Q2,855932000,0.0,855932000,1.0,0.0,6119000.0,0.0,516262000,522381000,522381000,243654000,221942000,555493000,0.6489919759980933,333551000,0.3896933401251501,59686000,74748000,0.08732936728618629,528000.0,74220000,0.08671249585247426,0.0,0.0,256334.0,256334.0,https://www.sec.gov/Archives/edgar/data/1063761/000110465907060296/0001104659-07-060296-index.htm,https://www.sec.gov/Archives/edgar/data/1063761/000110465907060296/a07-21209_110q.htm
2007-03-31,SPG,2007-05-08,2007-05-08 16:32:03,Q1,852141000,0.0,852141000,1.0,0.0,3899000.0,0.0,499276000,503175000,503175000,222478000,207580000,556546000,0.6531149187751792,348966000,0.40951673490654716,71896000,111502000,0.13084923739146456,-1285000.0,112787000,0.1323572037960854,0.44,0.44,256334.0,256334.0,https://www.sec.gov/Archives/edgar/data/1063761/000110465907037022/0001104659-07-037022-index.htm,https://www.sec.gov/Archives/edgar/data/1063761/000110465907037022/a07-13398_110q.htm
2006-09-30,SPG,2006-11-07,2006-11-07 14:18:47,Q3,818736000,0.0,818736000,1.0,0.0,4422000.0,0.0,492990000,497412000,497412000,-206195000,198792000,520116000,0.6352670457876531,321324000,0.39246350471947,42158000,110459000,0.13491406265267436,-2536000.0,112995000,0.13801152019698656,1.27,1.27,265234.0,265234.0,https://www.sec.gov/Archives/edgar/data/1063761/000110465906072118/0001104659-06-072118-index.htm,https://www.sec.gov/Archives/edgar/data/1063761/000110465906072118/a06-23128_110q.htm
2006-06-30,SPG,2006-08-07,2006-08-07 15:04:24,Q2,798738000,0.0,798738000,1.0,0.0,5005000.0,0.0,483684000,488689000,488689000,-200743000,201446000,511495000,0.6403789477901389,310049000,0.38817359384428934,51439000,98043000,0.12274738399825726,-3220000.0,101263000,0.12677874346782048,0.85,0.85,263356.0,263356.0,https://www.sec.gov/Archives/edgar/data/1063761/000110465906051979/0001104659-06-051979-index.htm,https://www.sec.gov/Archives/edgar/data/1063761/000110465906051979/a06-17320_110q.htm
2006-03-31,SPG,2006-05-10,2006-05-10 11:53:19,Q1,787649000,0.0,787649000,1.0,0.0,4493000.0,0.0,483952000,488445000,488445000,-204072000,199747000,498951000,0.6334687151256461,299204000,0.37986971353991433,42298000,120951000,0.1535595169929753,-1639000.0,122590000,0.15564039311927014,0.47,0.47,260829.0,260829.0,https://www.sec.gov/Archives/edgar/data/1063761/000110465906033050/0001104659-06-033050-index.htm,https://www.sec.gov/Archives/edgar/data/1063761/000110465906033050/a06-11160_110q.htm
2005-09-30,SPG,2005-11-02,2005-11-02 16:49:34,Q3,786193000,0.0,786193000,1.0,0.0,4992000.0,0.0,481880000,486872000,486872000,-202475000,193730000,493051000,0.6271373568576672,299321000,0.3807220364465214,42909000,89087000,0.11331441516268906,-3796000.0,92883000,0.1181427461195915,0.82,0.82,416542.0,416542.0,https://www.sec.gov/Archives/edgar/data/1063761/000110465905051939/0001104659-05-051939-index.htm,https://www.sec.gov/Archives/edgar/data/1063761/000110465905051939/a05-19419_110q.htm
2005-06-30,SPG,2005-08-04,2005-08-04 16:49:07,Q2,747309000,0.0,747309000,1.0,0.0,4459000.0,0.0,457567000,462026000,462026000,-198127000,196372000,481655000,0.6445192015618707,285283000,0.3817470417190212,39760000,170484000,0.22813053235007205,-2734000.0,173218000,0.23178899223748142,0.52,0.52,478234.0,478234.0,https://www.sec.gov/Archives/edgar/data/1063761/000110465905036527/0001104659-05-036527-index.htm,https://www.sec.gov/Archives/edgar/data/1063761/000110465905036527/a05-14025_110q.htm
2005-03-31,SPG,2005-05-06,2005-05-05 17:36:17,Q1,756872000,0.0,756872000,1.0,0.0,3792000.0,0.0,477826000,481618000,481618000,-197636000,203138000,478392000,0.6320646027333552,275254000,0.36367311777949246,37009000,70778000,0.09351383060808169,-4686000.0,75464000,0.09970510205160185,0.26,0.26,290246.0,290246.0,https://www.sec.gov/Archives/edgar/data/1063761/000104746905013572/0001047469-05-013572-index.htm,https://www.sec.gov/Archives/edgar/data/1063761/000104746905013572/a2157563z10-q.htm
2004-09-30,SPG,2004-11-08,2004-11-08 17:03:47,Q3,21870000,0.0,21870000,1.0,0.0,155000.0,0.0,13072000,13227000,13227000,-4452000.0,149301000,157944000,7.221947873799726,8643000.0,0.39519890260631,-727000.0,7866000.0,0.3596707818930041,4436000.0,3430000.0,0.1568358481938729,0.36,0.36,227708333,227708333,https://www.sec.gov/Archives/edgar/data/1063761/000104746904033451/0001047469-04-033451-index.htm,https://www.sec.gov/Archives/edgar/data/1063761/000104746904033451/a2145748z10-q.htm
2004-06-30,SPG,2004-08-03,2004-08-03 17:19:43,Q2,17270000,0.0,17270000,1.0,0.0,-104000.0,0.0,5643000.0,5539000.0,5539000.0,-3560000.0,149059000,160790000,9.310364794441227,11731000,0.6792704111175448,7244000.0,17736000,1.0269832078749277,-4622000.0,22358000,1.2946149392009265,0.34,0.34,231014.0,231014.0,https://www.sec.gov/Archives/edgar/data/1063761/000104746904025191/0001047469-04-025191-index.htm,https://www.sec.gov/Archives/edgar/data/1063761/000104746904025191/a2140954z10-q.htm
2004-03-31,SPG,2004-05-10,2004-05-10 16:56:48,Q1,584313000,0.0,584313000,1.0,0.0,3564000.0,0.0,352279000,355843000,355843000,-153386000,141191000,369661000,0.6326420942200499,228470000,0.391006190175471,27219000,54177000,0.09271914196671989,-2010000.0,56187000,0.09615907912368885,0.24,0.24,234112.0,234112.0,https://www.sec.gov/Archives/edgar/data/1063761/000104746904016678/0001047469-04-016678-index.htm,https://www.sec.gov/Archives/edgar/data/1063761/000104746904016678/a2135849z10-q.htm
2003-09-30,SPG,2003-11-13,2003-11-13 17:01:01,Q3,263000.0,0.0,263000.0,1.0,0.0,7000.0,0.0,8142000.0,8149000.0,8149000.0,2234000.0,136483000,128597000,488.9619771863118,-7886000.0,-29.984790874524716,-5409000.0,-7929000.0,-30.14828897338403,-358000.0,-7571000.0,-28.787072243346007,0.28,0.28,208585.0,208585.0,https://www.sec.gov/Archives/edgar/data/1063761/000104746903037264/0001047469-03-037264-index.htm,https://www.sec.gov/Archives/edgar/data/1063761/000104746903037264/a2121858z10-q.htm
2003-06-30,SPG,2003-08-06,2003-08-05 20:29:00,Q2,18527000,0.0,18527000,1.0,0.0,968000.0,0.0,9771000.0,10739000,10739000,-65000.0,124863000,132651000,7.159874777351972,7788000.0,0.420359475360285,9097000.0,-4948000.0,-0.2670696820856048,-101000.0,-4847000.0,-0.2616181788740757,0.34,0.34,194044.0,194044.0,https://www.sec.gov/Archives/edgar/data/1063761/000104746903026369/0001047469-03-026369-index.htm,https://www.sec.gov/Archives/edgar/data/1063761/000104746903026369/a2115729z10-q.htm
2003-03-31,SPG,2003-05-09,2003-05-09 16:46:14,Q1,547790000,0.0,547790000,1.0,0.0,3055000.0,0.0,322911000,325966000,325966000,-151365000,126847000,348671000,0.6365048650030121,221824000,0.4049435002464448,21827000,68859000,0.12570328045418866,-1963000.0,70822000,0.12928677047773782,0.29,0.29,244213.0,244213.0,https://www.sec.gov/Archives/edgar/data/1063761/000104746903017759/0001047469-03-017759-index.htm,https://www.sec.gov/Archives/edgar/data/1063761/000104746903017759/a2110386z10-q.htm
2002-09-30,SPG,2002-11-08,2002-11-08 15:33:35,Q3,43000.0,0.0,43000.0,1.0,0.0,110000.0,0.0,22000.0,132000.0,132000.0,-10000.0,129317000,129228000,3005.3023255813955,-89000.0,-2.0697674418604652,19000.0,699000.0,16.25581395348837,0.0,699000.0,16.25581395348837,0.38,0.38,1855.0,1855.0,https://www.sec.gov/Archives/edgar/data/1063761/000091205702041550/0000912057-02-041550-index.htm,https://www.sec.gov/Archives/edgar/data/1063761/000091205702041550/a2092690z10-q.htm
2002-06-30,SPG,2002-08-14,2002-08-14 09:33:32,Q2,296000.0,0.0,296000.0,1.0,0.0,-62000.0,0.0,147000.0,85000.0,85000.0,15000.0,120982000,121193000,409.43581081081084,211000.0,0.7128378378378378,0.0,1164000.0,3.9324324324324325,0.0,1164000.0,3.9324324324324325,0.54,0.54,1744.0,1744.0,https://www.sec.gov/Archives/edgar/data/1063761/000091205702031776/0000912057-02-031776-index.htm,https://www.sec.gov/Archives/edgar/data/1063761/000091205702031776/a2086190z10-q.htm
2002-03-31,SPG,2002-05-15,2002-05-15 15:23:55,Q1,704000.0,0.0,704000.0,1.0,0.0,180000.0,0.0,718000.0,898000.0,898000.0,-57000.0,114022000,113828000,161.6875,-194000.0,-0.2755681818181818,9000.0,-136000.0,-0.19318181818181818,0.0,-136000.0,-0.19318181818181818,-0.08,-0.08,1739.0,1739.0,https://www.sec.gov/Archives/edgar/data/1063761/000091205702020730/0000912057-02-020730-index.htm,https://www.sec.gov/Archives/edgar/data/1063761/000091205702020730/a2078999z10-q.htm
2001-09-30,SPG,2001-11-14,2001-11-14 00:00:00,Q3,827000.0,0.0,827000.0,1.0,0.0,386000.0,0.0,588000.0,974000.0,974000.0,-34000.0,111589000,111904000,135.31318016928657,315000.0,0.3808948004836759,74000.0,-165000.0,-0.19951632406287786,0.0,-165000.0,-0.19951632406287786,0.26,0.26,1724.0,1724.0,https://www.sec.gov/Archives/edgar/data/1063761/000110465901503308/0001104659-01-503308-index.htm,https://www.sec.gov/Archives/edgar/data/1063761/000110465901503308/j2019_10q.htm
2001-06-30,SPG,2001-08-14,2001-08-14 00:00:00,Q2,724000.0,0.0,724000.0,1.0,0.0,23000.0,0.0,664000.0,687000.0,687000.0,-28000.0,109235000,109272000,150.9281767955801,37000.0,0.05110497237569061,103000.0,-41000.0,-0.05662983425414365,0.0,-41000.0,-0.05662983425414365,0.36,0.36,1722.0,1722.0,https://www.sec.gov/Archives/edgar/data/1063761/000110465901501840/0001104659-01-501840-index.htm,https://www.sec.gov/Archives/edgar/data/1063761/000110465901501840/j1190_10q.htm
