date,symbol,fillingDate,acceptedDate,period,revenue,costOfRevenue,grossProfit,grossProfitRatio,researchAndDevelopmentExpenses,generalAndAdministrativeExpenses,sellingAndMarketingExpenses,otherExpenses,operatingExpenses,costAndExpenses,interestExpense,depreciationAndAmortization,ebitda,ebitdaratio,operatingIncome,operatingIncomeRatio,totalOtherIncomeExpensesNet,incomeBeforeTax,incomeBeforeTaxRatio,incomeTaxExpense,netIncome,netIncomeRatio,eps,epsdiluted,weightedAverageShsOut,weightedAverageShsOutDil,link,finalLink
2020-03-31,T,2020-05-06,2020-05-06 16:08:09,Q1,42779000000,4092000000,38687000000,0.9043455901259964,0.0,8790000000,0.0,26503000000,8790000000,35293000000,0.0,9491000000,16977000000,0.396853596391,7486000000,0.174992402814,803000000,6265000000,0.146450361159,1302000000,4610000000,0.107763154819,0.63,0.63,7187000000,7214000000,https://www.sec.gov/Archives/edgar/data/732717/000156276220000171/0001562762-20-000171-index.htm,https://www.sec.gov/Archives/edgar/data/732717/000156276220000171/t-20200331.htm
2019-12-31,T,2020-02-20,2020-02-19 21:42:50,FY,46821000000,5606000000,41215000000,0.8802674013797228,0.0,10345000000,0.0,31155000000,10345000000,41500000000,2049000000,9489000000,14810000000,0.316311057004,5321000000,0.113645586382,-104000000,3138000000,0.0670212084321,434000000,2394000000,0.0511309028,0.33,0.32,7319000000,7348000000,https://www.sec.gov/Archives/edgar/data/732717/000156276220000064/0001562762-20-000064-index.htm,https://www.sec.gov/Archives/edgar/data/732717/000156276220000064/t-20191231.htm
2019-09-30,T,2019-11-05,2019-11-04 17:58:10,Q3,44588000000,4484000000,40104000000,0.8994348255135911,0.0,9584000000,0.0,27103000000,9584000000,36687000000,2083000000,8809000000,16710000000,0.374764510631,7901000000,0.177200143536,-935000000,4886000000,0.109581053198,937000000,3700000000,0.0829819682426,0.51,0.51,7321000000,7350000000,https://www.sec.gov/Archives/edgar/data/732717/000073271719000056/0000732717-19-000056-index.htm,https://www.sec.gov/Archives/edgar/data/732717/000073271719000056/t-20190930.htm
2019-06-30,T,2019-08-05,2019-08-05 17:25:31,Q2,44957000000,4061000000,40896000000,0.9096692394955179,0.0,9844000000,0.0,27613000000,9844000000,37457000000,2149000000,9803000000,17303000000,0.384878884267,7500000000,0.166826078253,-318000000,5073000000,0.11284115933,1099000000,3713000000,0.0825900304736,0.5,0.5,7318000000,7347000000,https://www.sec.gov/Archives/edgar/data/732717/000156276219000164/0001562762-19-000164-index.htm,https://www.sec.gov/Archives/edgar/data/732717/000156276219000164/t-20190630.htm
2019-03-31,T,2019-05-06,2019-05-06 16:31:44,Q1,44827000000,4502000000,40325000000,0.8995694559082695,0.0,9649000000,0.0,27945000000,9649000000,37594000000,0.0,9703000000,16936000000,0.377808017489,7233000000,0.161353648471,286000000,5371000000,0.119816182212,1023000000,4096000000,0.0913735025766,0.56,0.56,7313000000,7342000000,https://www.sec.gov/Archives/edgar/data/732717/000073271719000018/0000732717-19-000018-index.htm,https://www.sec.gov/Archives/edgar/data/732717/000073271719000018/1q_10q.htm
2018-12-31,T,2019-02-20,2019-02-20 17:21:51,FY,47993000000,8691000000,39302000000,0.8189110912008001,0.0,10586000000,0.0,31247000000,10586000000,41833000000,2112000000,10056000000,16216000000,0.33788260788,6160000000,0.128352051341,1674000000,5745000000,0.119704956973,615000000,4858000000,0.101223095035,0.66,0.66,6778000000,6806000000,https://www.sec.gov/Archives/edgar/data/732717/000119312519045608/0001193125-19-045608-index.htm,https://www.sec.gov/Archives/edgar/data/732717/000119312519045608/d705958d10k.htm
2018-09-30,T,2018-11-02,2018-11-02 16:03:05,Q3,45739000000,14990000000,30749000000,0.6722709285292638,0.0,9598000000,0.0,28872000000,9598000000,38470000000,2051000000,9606000000,16875000000,0.368941166182,7269000000,0.158923457006,1053000000,6207000000,0.135704759614,1391000000,4718000000,0.103150484269,0.63,0.63,6603000000,6630000000,https://www.sec.gov/Archives/edgar/data/732717/000073271718000090/0000732717-18-000090-index.htm,https://www.sec.gov/Archives/edgar/data/732717/000073271718000090/q3_10q.htm
2018-06-30,T,2018-08-02,2018-08-02 17:15:30,Q2,38986000000,4377000000,34609000000,0.8877289283332478,0.0,8684000000,0.0,23836000000,8684000000,32520000000,2023000000,6546000000,13012000000,0.333760837224,6466000000,0.165854409275,314000000,6780000000,0.173908582568,1532000000,5132000000,0.131636997897,0.81,0.81,6257000000,6277000000,https://www.sec.gov/Archives/edgar/data/732717/000119312518236782/0001193125-18-236782-index.htm,https://www.sec.gov/Archives/edgar/data/732717/000119312518236782/d592180d10q.htm
2018-03-31,T,2018-05-03,2018-05-03 17:28:29,Q1,38038000000,4848000000,33190000000,0.8725485041274514,0.0,7897000000,0.0,23940000000,7897000000,31837000000,0.0,5994000000,12195000000,0.320600452179,6201000000,0.163021189337,1702000000,6141000000,0.161443819339,1382000000,4662000000,0.122561648877,0.75,0.75,6161000000,6180000000,https://www.sec.gov/Archives/edgar/data/732717/000073271718000024/0000732717-18-000024-index.htm,https://www.sec.gov/Archives/edgar/data/732717/000073271718000024/q1_10q.htm
2017-12-31,T,2018-02-20,2018-02-20 16:15:55,FY,41676000000,6532000000,35144000000,0.8432671081677704,0.0,10000000000,0.0,31317000000,10000000000,41317000000,1926000000,6071000000,6430000000,0.154285440061,359000000,0.00861407044822,264000000,-1283000000,-0.030785104136673385,-20419000000,19037000000,0.456785680008,3.08,3.07,6164000000,6183000000,https://www.sec.gov/Archives/edgar/data/732717/000073271718000009/0000732717-18-000009-index.htm,https://www.sec.gov/Archives/edgar/data/732717/000073271718000009/ye17_10k.htm
2017-09-30,T,2017-11-03,2017-11-03 16:59:55,Q3,39668000000,4191000000,35477000000,0.8943480891398609,0.0,8317000000,0.0,24948000000,8317000000,33265000000,1686000000,6042000000,12445000000,0.313728950287,6403000000,0.161414742362,246000000,4974000000,0.125390743168,1851000000,3029000000,0.0763587778562,0.5,0.5,6164000000,6184000000,https://www.sec.gov/Archives/edgar/data/732717/000073271717000101/0000732717-17-000101-index.htm,https://www.sec.gov/Archives/edgar/data/732717/000073271717000101/q3_10q.htm
2017-06-30,T,2017-08-03,2017-08-03 17:02:42,Q2,39837000000,4138000000,35699000000,0.8961267163692045,0.0,8113000000,0.0,24401000000,8113000000,32514000000,1395000000,6147000000,13470000000,0.338127871075,7323000000,0.183824083139,128000000,6070000000,0.152370911464,2056000000,3915000000,0.0982754725506,0.63,0.63,6166000000,6185000000,https://www.sec.gov/Archives/edgar/data/732717/000073271717000080/0000732717-17-000080-index.htm,https://www.sec.gov/Archives/edgar/data/732717/000073271717000080/q2_10q.htm
2017-03-31,T,2017-05-04,2017-05-04 16:09:02,Q1,39365000000,3848000000,35517000000,0.9022481900165121,0.0,8487000000,0.0,24014000000,8487000000,32501000000,0.0,6127000000,12991000000,0.330013971802,6864000000,0.174368093484,-20000000,5378000000,0.136618823828,1804000000,3469000000,0.0881239679919,0.56,0.56,6166000000,6186000000,https://www.sec.gov/Archives/edgar/data/732717/000073271717000055/0000732717-17-000055-index.htm,https://www.sec.gov/Archives/edgar/data/732717/000073271717000055/q1_10q.htm
2016-12-31,T,2017-02-17,2017-02-17 17:30:12,FY,41841000000,5667000000,36174000000,0.8645586864558686,0.0,9984000000,0.0,27609000000,9984000000,37593000000,1221000000,6129000000,10377000000,0.248010324801,4248000000,0.101527210153,123000000,3191000000,0.0762649076265,676000000,2064000000,0.049329604933,0.4,0.4,6168000000,6189000000,https://www.sec.gov/Archives/edgar/data/732717/000073271717000021/0000732717-17-000021-index.htm,https://www.sec.gov/Archives/edgar/data/732717/000073271717000021/ye16_10k.htm
2016-09-30,T,2016-11-03,2016-11-03 16:46:39,Q3,40890000000,4455000000,36435000000,0.8910491562729274,0.0,9013000000,0.0,25469000000,9013000000,34482000000,1224000000,6579000000,12987000000,0.317608217168,6408000000,0.156713132795,-7000000.0,5193000000,0.126999266324,1775000000,3328000000,0.0813890926877,0.53,0.53,6171000000,6191000000,https://www.sec.gov/Archives/edgar/data/732717/000073271716000233/0000732717-16-000233-index.htm,https://www.sec.gov/Archives/edgar/data/732717/000073271716000233/q3_10q.htm
2016-06-30,T,2016-08-04,2016-08-04 17:00:57,Q2,40520000000,4260000000,36260000000,0.8948667324777887,0.0,8909000000,0.0,25051000000,8909000000,33960000000,1258000000,6576000000,13136000000,0.324185587364,6560000000,0.161895360316,91000000,5421000000,0.133785784798,1906000000,3408000000,0.0841066140178,0.55,0.56,6173000000,6193000000,https://www.sec.gov/Archives/edgar/data/732717/000073271716000195/0000732717-16-000195-index.htm,https://www.sec.gov/Archives/edgar/data/732717/000073271716000195/q2_10q.htm
2016-03-31,T,2016-05-05,2016-05-05 16:12:13,Q1,40535000000,4375000000,36160000000,0.8920685827063032,0.0,8441000000,0.0,24963000000,8441000000,33404000000,0.0,6563000000,13694000000,0.337831503639,7131000000,0.175922042679,70000000,6007000000,0.148192919699,2122000000,3803000000,0.0938201554212,0.62,0.61,6172000000,6190000000,https://www.sec.gov/Archives/edgar/data/732717/000073271716000160/0000732717-16-000160-index.htm,https://www.sec.gov/Archives/edgar/data/732717/000073271716000160/q1_10q.htm
2015-12-31,T,2016-02-18,2016-02-18 16:33:12,FY,146801000000,19268000000,127533000000,0.8687474880961301,0.0,8419000000,0.0,-62946000000,-54475000000,122016000000,4120000000,22016000000,46801000000,0.318805730206,24785000000,0.168833999768,-113000000,20692000000,0.140952718306,7005000000,13345000000,0.090905375304,2.37,2.37,5628000000,5646000000,https://www.sec.gov/Archives/edgar/data/732717/000073271716000147/0000732717-16-000147-index.htm,https://www.sec.gov/Archives/edgar/data/732717/000073271716000147/ye15_10k.htm
2015-10-28,T,2015-11-06,2015-11-05 18:43:54,Q3,39091000000,27604000000,11487000000,0.29385280499347677,0.0,9107000000,0.0,23899000000,33006000000,60610000000,-1831000000,-9274000000,-3189000000,0.3116586117,6085000000,0.170267262277,1680000000,4897000000,0.144653992164,1718000000,3179000000,0.0951959872543,-1.2,-1.2,5204000000,5204000000,https://www.sec.gov/Archives/edgar/data/732717/000073271715000121/0000732717-15-000121-index.htm,https://www.sec.gov/Archives/edgar/data/732717/000073271715000121/q3_10q.htm
2015-06-30,T,2015-08-07,2015-08-07 17:11:15,Q2,33015000000,15140000000,17875000000,0.5414205664092079,0.0,7467000000,0.0,19836000000,7467000000,27303000000,932000000,4696000000,10408000000,0.315250643647,5712000000,0.173012267151,48000000,4861000000,0.147236104801,1715000000,3044000000,0.0922005149175,0.59,0.59,5204000000,5220000000,https://www.sec.gov/Archives/edgar/data/732717/000073271715000079/0000732717-15-000079-index.htm,https://www.sec.gov/Archives/edgar/data/732717/000073271715000079/q2_10q.htm
2015-03-31,T,2015-05-05,2015-05-05 16:49:15,Q1,32576000000,14581000000,17995000000,0.5524005402750491,0.0,7961000000,0.0,19159000000,7961000000,27120000000,0.0,4578000000,10034000000,0.308018172888,5456000000,0.167485265226,70000000,4627000000,0.142037082515,1351000000,3200000000,0.098231827112,0.61,0.61,5203000000,5219000000,https://www.sec.gov/Archives/edgar/data/732717/000073271715000040/0000732717-15-000040-index.htm,https://www.sec.gov/Archives/edgar/data/732717/000073271715000040/q1_10q.htm
2014-12-31,T,2015-02-20,2015-02-20 16:23:15,FY,34439000000,18537000000,15902000000,0.461743953076454,0.0,14765000000,0.0,25224000000,14765000000,39989000000,856000000,4567000000,-983000000,-0.028543221347890474,-5550000000,-0.16115450506692994,196000000,-6223000000,-0.18069630360928018,-2327000000,-3896000000,-0.11312755887220884,-0.77,-0.76,5205000000,5221000000,https://www.sec.gov/Archives/edgar/data/732717/000073271715000016/0000732717-15-000016-index.htm,https://www.sec.gov/Archives/edgar/data/732717/000073271715000016/ye14_10k.htm
2014-09-30,T,2014-11-10,2014-11-10 07:51:48,Q3,32957000000,14541000000,18416000000,0.5587887247018842,0.0,8475000000,0.0,19080000000,27555000000,22000000,1016000000,4539000000,9941000000,0.301635464393,5402000000,0.163910550111,42000000,4426000000,0.134296204145,1367000000,3002000000,0.0910883878994,0.58,0.57,5208000000,5224000000,https://www.sec.gov/Archives/edgar/data/732717/000073271714000129/0000732717-14-000129-index.htm,https://www.sec.gov/Archives/edgar/data/732717/000073271714000129/q3_10q.htm
2014-06-30,T,2014-08-01,2014-08-01 16:22:18,Q2,65051000000,27533000000,37518000000,0.5767474750580314,0.0,16457000000,0.0,36700000000,53157000000,80690000000,1741000000,9167000000,21061000000,0.323761356474,11894000000,0.182841155401,1269000000,11757000000,0.180735115525,4402000000,7199000000,0.110667015111,1.38,1.38,5213000000,5229000000,https://www.sec.gov/Archives/edgar/data/732717/000073271714000110/0000732717-14-000110-index.htm,https://www.sec.gov/Archives/edgar/data/732717/000073271714000110/q2_10q.htm
2014-03-31,T,2014-05-02,2014-05-02 11:52:41,FY,32476000000,51464000000,-18988000000,-0.5846779159995074,0.0,8260000000,0.0,17938000000,26198000000,26198000000,-3940000000,-18395000000,-12117000000,0.379597986827,6278000000,0.236726419784,2702000000,5651000000,0.215740338014,1917000000,3734000000,0.141737604076,-3.39,-3.39,5472861356,5472861356,https://www.sec.gov/Archives/edgar/data/732717/000073271714000022/0000732717-14-000022-index.htm,https://www.sec.gov/Archives/edgar/data/732717/000073271714000022/q1_10q.htm
2013-12-31,T,2014-02-21,2014-02-21 16:25:54,FY,33163000000,12237000000,20926000000,0.6310044326508458,0.0,4008000000,0.0,16917000000,20925000000,33162000000,1459000000,4680000000,16918000000,0.510146850406,12238000000,0.369025721437,226000000,11153000000,0.336308536622,4158000000,6913000000,0.208455206103,1.29,1.3,5368000000,5385000000,https://www.sec.gov/Archives/edgar/data/732717/000073271714000010/0000732717-14-000010-index.htm,https://www.sec.gov/Archives/edgar/data/732717/000073271714000010/ye13_10k.htm
2013-09-30,T,2013-11-01,2013-11-01 16:41:19,Q3,32158000000,13403000000,18755000000,0.5832141302319797,0.0,7952000000,0.0,18018000000,25970000000,39373000000,829000000,4615000000,10803000000,0.335935070589,6188000000,0.192424902046,50000000,5500000000,0.171030536725,1595000000,3814000000,0.118601903103,0.72,0.71,5402000000,5419000000,https://www.sec.gov/Archives/edgar/data/732717/000073271713000099/0000732717-13-000099-index.htm,https://www.sec.gov/Archives/edgar/data/732717/000073271713000099/q3_10q.htm
2013-06-30,T,2013-08-02,2013-08-02 16:07:57,Q2,32075000000,13270000000,18805000000,0.586282151208106,0.0,8121000000,0.0,17841000000,25962000000,39232000000,825000000,4571000000,10684000000,0.33309431021,6113000000,0.19058456742,288000000,5794000000,0.180639127046,1914000000,3822000000,0.119158222915,0.71,0.71,5446000000,5463000000,https://www.sec.gov/Archives/edgar/data/732717/000073271713000080/0000732717-13-000080-index.htm,https://www.sec.gov/Archives/edgar/data/732717/000073271713000080/q2_10q.htm
2013-03-31,T,2013-05-03,2013-05-03 16:00:21,Q1,31356000000,12554000000,18802000000,0.5996300548539355,0.0,8333000000,0.0,17083000000,25416000000,37970000000,0.0,4529000000,10469000000,0.333875494323,5940000000,0.189437428243,32000000,5330000000,0.169983416252,1557000000,3700000000,0.117999744865,0.67,0.67,5513000000,5530000000,https://www.sec.gov/Archives/edgar/data/732717/000073271713000036/0000732717-13-000036-index.htm,https://www.sec.gov/Archives/edgar/data/732717/000073271713000036/q1_10q.htm
2012-12-31,T,2013-02-22,2013-02-22 16:27:46,FY,32578000000,17215000000,15363000000,0.47157591012339617,0.0,16749000000,0.0,21787000000,38536000000,55751000000,820000000,4572000000,-1386000000,-0.04254404813064031,-5958000000,-0.18288415495119406,12000000,-6551000000,-0.20108662287433238,-2772000000,-3779000000,-0.11599852661305175,-0.65,-0.65,5801000000,5821000000,https://www.sec.gov/Archives/edgar/data/732717/000073271713000017/0000732717-13-000017-index.htm,https://www.sec.gov/Archives/edgar/data/732717/000073271713000017/ye12_10k.htm
2012-09-30,T,2012-11-02,2012-11-02 10:36:10,Q3,31459000000,12718000000,18741000000,0.5957277726564735,0.0,8192000000,0.0,17230000000,25422000000,38140000000,824000000,4512000000,10549000000,0.335325344099,6037000000,0.191900568995,47000000,9614000000,0.305604119648,1741000000,3635000000,0.115547220191,0.63,0.63,5848000000,5869000000,https://www.sec.gov/Archives/edgar/data/732717/000073271712000088/0000732717-12-000088-index.htm,https://www.sec.gov/Archives/edgar/data/732717/000073271712000088/q3_10q.htm
2012-06-30,T,2012-08-03,2012-08-03 12:05:35,Q2,31575000000,12369000000,19206000000,0.6082660332541567,0.0,7890000000,0.0,16868000000,24758000000,37127000000,941000000,4499000000,11316000000,0.3583847981,6817000000,0.215898653998,23000000,3517000000,0.111385589865,2066000000,3902000000,0.123578780681,0.67,0.67,5886000000,5907000000,https://www.sec.gov/Archives/edgar/data/732717/000073271712000073/0000732717-12-000073-index.htm,https://www.sec.gov/Archives/edgar/data/732717/000073271712000073/q2_10q.htm
2012-03-31,T,2012-05-04,2012-05-04 11:39:00,Q1,31822000000,12913000000,18909000000,0.5942115517566463,0.0,8248000000,0.0,17473000000,25721000000,38634000000,0.0,4560000000,10661000000,0.335019797624,6101000000,0.191722707561,52000000,3859000000,0.121268304946,1865000000,3584000000,0.112626484822,0.6,0.6,5918000000,5940000000,https://www.sec.gov/Archives/edgar/data/732717/000073271712000037/0000732717-12-000037-index.htm,https://www.sec.gov/Archives/edgar/data/732717/000073271712000037/q1_10q.htm
2011-12-31,T,2012-02-24,2012-02-24 14:34:06,FY,32503000000,17474000000,15029000000,0.4623880872534843,0.0,16536000000,0.0,24957000000,41493000000,58967000000,952000000,4573000000,-4417000000,-0.13589514814017167,-8990000000,-0.2765898532443159,117000000,-9690000000,-0.298126326800603,-3062000000,-6628000000,-0.20391963818724426,-1.13,-1.13,5928000000,5950000000,https://www.sec.gov/Archives/edgar/data/732717/000073271712000025/0000732717-12-000025-index.htm,https://www.sec.gov/Archives/edgar/data/732717/000073271712000025/ye11_10k.htm
2011-09-30,T,2011-11-03,2011-11-03 17:15:29,Q3,31478000000,13165000000,18313000000,0.581771395895546,0.0,7460000000,0.0,17783000000,25243000000,38408000000,889000000,4618000000,10853000000,0.344780481606,6235000000,0.198074845924,46000000,3686000000,0.117097655505,1899000000,3623000000,0.115096257704,0.61,0.61,5931000000,5950000000,https://www.sec.gov/Archives/edgar/data/732717/000073271711000094/0000732717-11-000094-index.htm,https://www.sec.gov/Archives/edgar/data/732717/000073271711000094/q3d10q.htm
2011-06-30,T,2011-08-05,2011-08-05 12:55:46,Q2,31495000000,13332000000,18163000000,0.5766947134465789,0.0,7396000000,0.0,17934000000,25330000000,38662000000,848000000,4602000000,10767000000,0.341863787903,6165000000,0.195745356406,27000000,3658000000,0.116145419908,1893000000,3591000000,0.114018098111,0.61,0.61,5929000000,5948000000,https://www.sec.gov/Archives/edgar/data/732717/000119312511211863/0001193125-11-211863-index.htm,https://www.sec.gov/Archives/edgar/data/732717/000119312511211863/d10q.htm
2011-03-31,T,2011-05-06,2011-05-06 13:16:50,Q1,31247000000,13403000000,17844000000,0.571062822030915,0.0,7452000000,0.0,17987000000,25439000000,38842000000,0.0,4584000000,10392000000,0.332575927289,5808000000,0.185873843889,59000000,3468000000,0.110986654719,1802000000,3408000000,0.109066470381,0.57,0.57,5925000000,5945000000,https://www.sec.gov/Archives/edgar/data/732717/000119312511130267/0001193125-11-130267-index.htm,https://www.sec.gov/Archives/edgar/data/732717/000119312511130267/d10q.htm
2010-12-31,T,2011-03-01,2011-02-28 17:53:20,FY,31361000000,14028000000,17333000000,0.5526928350499027,0.0,10495000000,0.0,18878000000,29373000000,43401000000,746000000,4850000000,6838000000,0.2180415165332738,1988000000,0.06339083575141098,72000000,1447000000,0.04614011032811454,350000000,320000000,0.010203756257772393,3.23,3.23,6006191950,6006191950,https://www.sec.gov/Archives/edgar/data/732717/000073271711000014/0000732717-11-000014-index.htm,https://www.sec.gov/Archives/edgar/data/732717/000073271711000014/ye10_10k.htm
2010-09-30,T,2010-11-05,2010-11-04 20:57:08,Q3,31581000000,13519000000,18062000000,0.5719261581330547,0.0,7707000000,0.0,18410000000,26117000000,39636000000,729000000,4891000000,10355000000,0.3278870206769893,5464000000,0.1730154206643235,125000000,5077000000,0.1607612171875495,-1512000000,12417000000,0.39317944333618315,3.06,3.06,5908000000,5908000000,https://www.sec.gov/Archives/edgar/data/732717/000073271710000091/0000732717-10-000091-index.htm,https://www.sec.gov/Archives/edgar/data/732717/000073271710000091/att3q10.htm
2010-06-30,T,2010-08-06,2010-08-06 14:53:47,Q2,30689000000,12387000000,18302000000,0.5963700348659129,0.0,7379000000,0.0,17199000000,24578000000,36965000000,752000000,4812000000,10923000000,0.3559255759392616,6111000000,0.19912672293004008,722000000,6276000000,0.20450324220404706,0.0,4101000000,0.13363094268304604,1.1,1.1,5907000000,5907000000,https://www.sec.gov/Archives/edgar/data/732717/000073271710000074/0000732717-10-000074-index.htm,https://www.sec.gov/Archives/edgar/data/732717/000073271710000074/att2q10.htm
2010-03-31,T,2010-05-06,2010-05-06 17:14:53,Q1,30649000000,12329000000,18320000000,0.5977356520604261,0.0,7484000000,0.0,17155000000,24639000000,36968000000,767000000,4826000000,10836000000,0.35355150249600314,6010000000,0.19609122646742144,-22000000,5438000000,0.1774283010864955,0.0,2562000000,0.08359163431107051,0.42,0.42,5905000000,5905000000,https://www.sec.gov/Archives/edgar/data/732717/000073271710000033/0000732717-10-000033-index.htm,https://www.sec.gov/Archives/edgar/data/732717/000073271710000033/att1q10.htm
2010-02-25,T,2010-02-25,2010-02-25 17:19:20,FY,30858000000,37605000000,-6747000000,-0.21864670425821506,0.0,8182000000,0.0,17815000000,25997000000,-11608000000,798000000,5015000000,9876000000,0.3200466653704064,4861000000,0.15752803162875106,109000000,4357000000,0.14119515198651889,0.0,3091000000,0.10016851383757859,2.12,2.12,6058018867,6058018867,https://www.sec.gov/Archives/edgar/data/732717/000073271710000013/0000732717-10-000013-index.htm,https://www.sec.gov/Archives/edgar/data/732717/000073271710000013/ye09_10k.htm
2009-11-05,T,2009-11-05,2009-11-05 12:09:20,Q3,30855000000,12885000000,17970000000,0.5824015556635878,0.0,7672000000,0.0,17795000000,25467000000,38352000000,853000000,4910000000,10298000000,0.3337546588883487,5388000000,0.174623237724842,27000000,4743000000,0.1537190082644628,0.0,3275000000,0.10614163020580134,1.61,1.61,5899000000,5899000000,https://www.sec.gov/Archives/edgar/data/732717/000073271709000091/0000732717-09-000091-index.htm,https://www.sec.gov/Archives/edgar/data/732717/000073271709000091/att3q0910q.htm
2009-08-05,T,2009-08-05,2009-08-05 16:39:31,Q2,30734000000,24720000000,6014000000,0.19567905251512982,0.0,7847000000,0.0,17381000000,25228000000,49948000000,879000000,4903000000,10409000000,0.3386802889308258,5506000000,0.1791501268952951,31000000,4889000000,0.1590746404633305,0.0,3276000000,0.10659204789483959,1.07,1.07,5898000000,5898000000,https://www.sec.gov/Archives/edgar/data/732717/000073271709000050/0000732717-09-000050-index.htm,https://www.sec.gov/Archives/edgar/data/732717/000073271709000050/att2q0910q.htm
2009-05-06,T,2009-05-07,2009-05-06 17:43:05,Q1,30571000000,0.0,30571000000,1.0,0.0,7706000000,0.0,17128000000,24834000000,24834000000,849000000,4886000000,10623000000,0.3474861797127997,5737000000,0.18766150927349448,-15000000,5010000000,0.1638808020673187,0.0,3201000000,0.10470707533283177,0.53,0.53,5896000000,5896000000,https://www.sec.gov/Archives/edgar/data/732717/000073271709000016/0000732717-09-000016-index.htm,https://www.sec.gov/Archives/edgar/data/732717/000073271709000016/att1q0910q.htm
2009-02-25,T,2009-02-25,2009-02-25 17:01:41,FY,31076000000,0.0,31076000000,1.0,0.0,8211000000,0.0,17967000000,26178000000,26178000000,5967000000,5044000000,9942000000,0.3199253443171579,4898000000,0.15761359248294504,-498000000,3694000000,0.11886986742180461,0.0,2404000000,0.07735873342772558,2.17,2.17,5929493087,5929493087,https://www.sec.gov/Archives/edgar/data/732717/000073271709000007/0000732717-09-000007-index.htm,https://www.sec.gov/Archives/edgar/data/732717/000073271709000007/ye10k08.htm
2008-11-05,T,2008-11-05,2008-11-05 16:16:41,Q3,31342000000,0.0,31342000000,1.0,0.0,7676000000,0.0,18048000000,25724000000,25724000000,-4296000000,4978000000,10596000000,0.3380767021887563,5618000000,0.1792482930253334,-81000000,4936000000,0.157488354284985,0.0,3230000000,0.10305660136557973,1.76,1.76,5938000000,5938000000,https://www.sec.gov/Archives/edgar/data/732717/000073271708000074/0000732717-08-000074-index.htm,https://www.sec.gov/Archives/edgar/data/732717/000073271708000074/att3q08.htm
2008-06-30,T,2008-08-06,2008-08-06 17:08:52,Q2,30866000000,0.0,30866000000,1.0,0.0,7214000000,0.0,17085000000,24299000000,24299000000,854000000,4958000000,11525000000,0.37338819412946284,6567000000,0.2127583749109052,-43000000,5882000000,0.19056567096481566,0.0,3772000000,0.12220566318926974,1.21,1.21,5962000000,5962000000,https://www.sec.gov/Archives/edgar/data/732717/000073271708000062/0000732717-08-000062-index.htm,https://www.sec.gov/Archives/edgar/data/732717/000073271708000062/att2q08.htm
2008-05-07,T,2008-05-07,2008-05-07 17:00:14,Q1,30744000000,0.0,30744000000,1.0,0.0,8086000000,0.0,16678000000,24764000000,24764000000,865000000,4903000000,10883000000,0.35398776997137654,5980000000,0.19450949778818633,33000000,5391000000,0.1753512880562061,0.0,3461000000,0.11257481134530314,0.58,0.58,5997000000,5997000000,https://www.sec.gov/Archives/edgar/data/732717/000073271708000029/0000732717-08-000029-index.htm,https://www.sec.gov/Archives/edgar/data/732717/000073271708000029/att1q08.htm
2008-02-26,T,2008-02-27,2008-02-27 11:24:28,FY,30349000000,0.0,30349000000,1.0,0.0,7900000000,0.0,16957000000,24857000000,24857000000,868000000,5223000000,10715000000,0.353059408876734,5492000000,0.18096148143266663,1000000.0,4772000000,0.15723747075686184,0.0,3136000000,0.10333124649906092,1.95,1.95,6128717948,6128717948,https://www.sec.gov/Archives/edgar/data/732717/000073271708000012/0000732717-08-000012-index.htm,https://www.sec.gov/Archives/edgar/data/732717/000073271708000012/ye10k07.htm
2007-09-30,T,2007-11-06,2007-11-05 18:23:57,Q3,30132000000,0.0,30132000000,1.0,0.0,7915000000,0.0,16913000000,24828000000,24828000000,887000000,5322000000,10626000000,0.35264834727200317,5304000000,0.17602548785344485,57000000,4562000000,0.15140050444709943,0.0,3063000000,0.10165272799681402,1.43,1.43,6152000000,6152000000,https://www.sec.gov/Archives/edgar/data/732717/000073271707000094/0000732717-07-000094-index.htm,https://www.sec.gov/Archives/edgar/data/732717/000073271707000094/attq3_10q07.htm
2007-06-30,T,2007-08-03,2007-08-03 16:10:29,Q2,29478000000,0.0,29478000000,1.0,0.0,7640000000,0.0,16894000000,24534000000,24534000000,879000000,5416000000,10360000000,0.3514485378926657,4944000000,0.16771829839202118,88000000,4402000000,0.14933170500033924,0.0,2904000000,0.09851414614288621,0.93,0.93,6184000000,6184000000,https://www.sec.gov/Archives/edgar/data/732717/000073271707000074/0000732717-07-000074-index.htm,https://www.sec.gov/Archives/edgar/data/732717/000073271707000074/q2form10q.htm
2007-03-31,T,2007-05-04,2007-05-04 17:10:17,Q1,28969000000,0.0,28969000000,1.0,0.0,7437000000,0.0,16868000000,24305000000,24305000000,873000000,5616000000,10280000000,0.35486209396251167,4664000000,0.1609996893230695,469000000,4468000000,0.15423383616969866,0.0,2848000000,0.09831198867755186,0.46,0.46,6224000000,6224000000,https://www.sec.gov/Archives/edgar/data/732717/000073271707000030/0000732717-07-000030-index.htm,https://www.sec.gov/Archives/edgar/data/732717/000073271707000030/att_1q07.htm
2006-12-31,T,2007-02-26,2007-02-26 17:27:37,FY,15891000000,0.0,15891000000,1.0,0.0,4115000000,0.0,9200000000,13315000000,13315000000,465000000,2492000000,5068000000,0.3189226606255113,2576000000,0.1621043357875527,-21000000,2794000000,0.17582279277578503,0.0,1938000000,0.12195582405134982,1.89,1.89,3892063492,3892063492,https://www.sec.gov/Archives/edgar/data/732717/000073271707000015/0000732717-07-000015-index.htm,https://www.sec.gov/Archives/edgar/data/732717/000073271707000015/att10_k.htm
2006-09-30,T,2006-11-02,2006-11-02 16:04:37,Q3,15559000000,0.0,15559000000,1.0,0.0,3620000000,0.0,9022000000,12642000000,12642000000,442000000,2437000000,5354000000,0.3441095186065943,2917000000,0.18747991516164278,11000000,3233000000,0.20778970370846456,0.0,2165000000,0.1391477601388264,1.4,1.4,3880000000,3880000000,https://www.sec.gov/Archives/edgar/data/732717/000073271706000074/0000732717-06-000074-index.htm,https://www.sec.gov/Archives/edgar/data/732717/000073271706000074/att_3q.htm
2006-06-30,T,2006-08-04,2006-08-04 14:24:46,Q2,15770000000,0.0,15770000000,1.0,0.0,3752000000,0.0,9414000000,13166000000,13166000000,472000000,2486000000,5090000000,0.3227647431832594,2604000000,0.16512365250475586,15000000,2697000000,0.17102092580849715,0.0,1808000000,0.11464806594800253,0.84,0.84,3884000000,3884000000,https://www.sec.gov/Archives/edgar/data/732717/000073271706000061/0000732717-06-000061-index.htm,https://www.sec.gov/Archives/edgar/data/732717/000073271706000061/att_2q.htm
2006-03-31,T,2006-05-05,2006-05-05 17:24:14,Q1,15835000000,0.0,15835000000,1.0,0.0,4024000000,0.0,9620000000,13644000000,13644000000,464000000,2492000000,4683000000,0.2957372908114935,2191000000,0.13836438269655826,11000000,2157000000,0.13621724029049573,0.0,1445000000,0.09125355225765709,0.37,0.37,3882000000,3882000000,https://www.sec.gov/Archives/edgar/data/732717/000073271706000018/0000732717-06-000018-index.htm,https://www.sec.gov/Archives/edgar/data/732717/000073271706000018/att_1q.htm
2005-12-31,T,2006-03-01,2006-02-28 18:15:37,FY,12966000000,0.0,12966000000,1.0,0.0,3614000000,0.0,8220000000,11834000000,11834000000,405000000,2206000000,3338000000,0.2574425420330094,1132000000,0.08730525991053524,3000000.0,1089000000,0.08398889403054141,0.0,1655000000,0.12764152398580905,1.42,1.42,3370422535,3370422535,https://www.sec.gov/Archives/edgar/data/732717/000073271706000008/0000732717-06-000008-index.htm,https://www.sec.gov/Archives/edgar/data/732717/000073271706000008/form10k2005.htm
2005-09-30,T,2005-11-04,2005-11-04 15:12:36,Q3,10320000000,0.0,10320000000,1.0,0.0,2123000000,0.0,6235000000,8358000000,8358000000,349000000,1803000000,3765000000,0.3648255813953488,1962000000,0.19011627906976744,-70000000,1844000000,0.17868217054263566,0.0,1246000000,0.12073643410852714,0.95,0.95,3300000000,3300000000,https://www.sec.gov/Archives/edgar/data/732717/000073271705000412/0000732717-05-000412-index.htm,https://www.sec.gov/Archives/edgar/data/732717/000073271705000412/q305.htm
2005-06-30,T,2005-08-05,2005-08-04 19:51:13,Q2,10328000000,0.0,10328000000,1.0,0.0,2654000000,0.0,6156000000,8810000000,8810000000,349000000,1809000000,3327000000,0.32213400464756003,1518000000,0.14697908597986056,34000000,1484000000,0.14368706429124709,0.0,1000000000,0.09682416731216112,0.57,0.57,3303000000,3303000000,https://www.sec.gov/Archives/edgar/data/732717/000073271705000397/0000732717-05-000397-index.htm,https://www.sec.gov/Archives/edgar/data/732717/000073271705000397/q205.htm
2005-03-31,T,2005-05-06,2005-05-06 17:15:36,Q1,10248000000,0.0,10248000000,1.0,0.0,2470000000,0.0,6222000000,8692000000,8692000000,353000000,1825000000,3381000000,0.32991803278688525,1556000000,0.1518345042935207,47000000,1301000000,0.12695160031225605,0.0,885000000,0.08635831381733021,0.27,0.27,3303000000,3303000000,https://www.sec.gov/Archives/edgar/data/732717/000073271705000279/0000732717-05-000279-index.htm,https://www.sec.gov/Archives/edgar/data/732717/000073271705000279/q105.htm
2004-12-31,T,2005-03-11,2005-03-11 14:52:31,FY,30495000000,0.0,30495000000,1.0,0.0,7518000000,0.0,18774000000,26292000000,26292000000,785000000,1864000000,6067000000,0.19895064764715528,4203000000,0.13782587309394984,877000000,5310000000,0.17412690605017217,0.0,3793000000,0.12438104607312674,1.5,1.5,3924666666,3924666666,https://www.sec.gov/Archives/edgar/data/732717/000073271705000176/0000732717-05-000176-index.htm,https://www.sec.gov/Archives/edgar/data/732717/000073271705000176/form10k.htm
2004-09-30,T,2004-11-05,2004-11-05 14:59:52,Q3,10292000000,0.0,10292000000,1.0,0.0,2421000000,0.0,6173000000,8594000000,8594000000,238000000,1889000000,3587000000,0.3485231247570929,1698000000,0.16498251068791295,45000000,1855000000,0.18023707734162456,0.0,2094000000,0.20345899727944033,0.38,0.38,3314000000,3314000000,https://www.sec.gov/Archives/edgar/data/732717/000073271704000664/0000732717-04-000664-index.htm,https://www.sec.gov/Archives/edgar/data/732717/000073271704000664/q304.htm
2004-06-30,T,2004-08-05,2004-08-05 14:35:02,Q2,186000000,0.0,186000000,1.0,0.0,219000000,0.0,43000000,262000000,262000000,5000000.0,1888000000,1812000000,9.741935483870968,-76000000,-0.40860215053763443,-905000000,-1205000000,-6.478494623655914,0.0,-780000000,-4.193548387096774,3.312,3.312,3312.0,3312.0,https://www.sec.gov/Archives/edgar/data/732717/000073271704000525/0000732717-04-000525-index.htm,https://www.sec.gov/Archives/edgar/data/732717/000073271704000525/q204.htm
2004-03-31,T,2004-05-06,2004-05-06 16:21:19,Q1,10128000000,0.0,10128000000,1.0,0.0,2408000000,0.0,6150000000,8558000000,8558000000,231000000,1923000000,3493000000,0.3448854660347551,1570000000,0.15501579778830965,861000000,2908000000,0.2871248025276461,0.0,1948000000,0.19233807266982622,0.59,0.59,3301694915,3301694915,https://www.sec.gov/Archives/edgar/data/732717/000073271704000346/0000732717-04-000346-index.htm,https://www.sec.gov/Archives/edgar/data/732717/000073271704000346/q104.htm
2003-09-30,T,2003-11-12,2003-11-12 11:04:48,Q3,35000000,0.0,35000000,1.0,0.0,0.0,0.0,174000000,174000000,174000000,0.0,1952000000,1813000000,51.8,-139000000,-3.9714285714285715,0.0,-257000000,-7.3428571428571425,0.0,-257000000,-7.3428571428571425,0.0,0.0,0.0,0.0,https://www.sec.gov/Archives/edgar/data/732717/000073271703000897/0000732717-03-000897-index.htm,https://www.sec.gov/Archives/edgar/data/732717/000073271703000897/q303.htm
2003-06-30,T,2003-08-12,2003-08-12 15:00:29,Q2,10204000000,0.0,10204000000,1.0,0.0,0.0,0.0,8455000000,8455000000,8455000000,0.0,1977000000,-1492000000,-0.1462171697373579,-3469000000,-0.33996471971775777,0.0,-3146000000,-0.3083104664837319,-215000000,-2931000000,-0.28724029792238337,0.0,0.0,0.0,0.0,https://www.sec.gov/Archives/edgar/data/732717/000073271703000694/0000732717-03-000694-index.htm,https://www.sec.gov/Archives/edgar/data/732717/000073271703000694/q203.htm
2003-03-31,T,2003-05-12,2003-05-09 18:01:47,Q1,0.0,0.0,0.0,0.0,0.0,0.0,0.0,0.0,0.0,0.0,0.0,1996000000,7214000000,0.0,5218000000,0.0,0.0,5218000000,0.0,215000000,5003000000,0.0,0.0,0.0,0.0,0.0,https://www.sec.gov/Archives/edgar/data/732717/000073271703000415/0000732717-03-000415-index.htm,https://www.sec.gov/Archives/edgar/data/732717/000073271703000415/q103_10q.htm
2002-12-31,T,2003-03-14,2003-03-13 17:57:50,FY,43129000000,0.0,43129000000,1.0,0.0,0.0,0.0,34500000000,34500000000,34500000000,-1383000000,-6440000000,2189000000,0.05075471260636694,8629000000,0.20007419601660137,693000000,-256000000,-0.005935681328108697,0.0,-256000000,-0.005935681328108697,2.24,2.24,0.0,0.0,https://www.sec.gov/Archives/edgar/data/732717/000073271703000210/0000732717-03-000210-index.htm,https://www.sec.gov/Archives/edgar/data/732717/000073271703000210/sbc10k.htm
2002-09-30,T,2002-11-13,2002-11-13 15:27:47,Q3,9000000.0,0.0,9000000.0,1.0,0.0,0.0,0.0,15000000,15000000,15000000,1000000.0,2148000000,2142000000,238.0,-6000000.0,-0.6666666666666666,41000000,256000000,28.444444444444443,0.0,256000000,28.444444444444443,0.0,0.0,0.0,0.0,https://www.sec.gov/Archives/edgar/data/732717/000073271702000083/0000732717-02-000083-index.htm,https://www.sec.gov/Archives/edgar/data/732717/000073271702000083/sbc10q.htm
2002-06-30,T,2002-08-12,2002-08-12 13:37:34,Q2,3000000.0,0.0,3000000.0,1.0,0.0,0.0,0.0,-4000000.0,-4000000.0,-4000000.0,24000000,2156000000,2163000000,721.0,7000000.0,2.3333333333333335,-17000000,112000000,37.333333333333336,0.0,112000000,37.333333333333336,0.0,0.0,0.0,0.0,https://www.sec.gov/Archives/edgar/data/732717/000073271702000039/0000732717-02-000039-index.htm,https://www.sec.gov/Archives/edgar/data/732717/000073271702000039/sbc2q02.htm
2002-03-31,T,2002-05-03,2002-05-03 13:45:07,Q1,7000000.0,0.0,7000000.0,1.0,0.0,0.0,0.0,22000000,22000000,22000000,-31000000,2136000000,2121000000,303.0,-15000000,-2.142857142857143,87000000,250000000,35.714285714285715,0.0,250000000,35.714285714285715,0.0,0.0,0.0,0.0,https://www.sec.gov/Archives/edgar/data/732717/000073271702000015/0000732717-02-000015-index.htm,https://www.sec.gov/Archives/edgar/data/732717/000073271702000015/sbc10q.htm
