date,symbol,fillingDate,acceptedDate,period,revenue,costOfRevenue,grossProfit,grossProfitRatio,researchAndDevelopmentExpenses,generalAndAdministrativeExpenses,sellingAndMarketingExpenses,otherExpenses,operatingExpenses,costAndExpenses,interestExpense,depreciationAndAmortization,ebitda,ebitdaratio,operatingIncome,operatingIncomeRatio,totalOtherIncomeExpensesNet,incomeBeforeTax,incomeBeforeTaxRatio,incomeTaxExpense,netIncome,netIncomeRatio,eps,epsdiluted,weightedAverageShsOut,weightedAverageShsOutDil,link,finalLink
2020-03-28,TMO,2020-05-01,2020-05-01 11:16:42,Q1,4630000000,2340000000,2290000000,0.4946004319654428,245000000,1551000000,0.0,3528000000,1796000000,5324000000,126000000,574000000,1480000000,0.319654427646,906000000,0.195680345572,12000000,828000000,0.178833693305,40000000,788000000,0.170194384449,1.99,1.97,397000000,400000000,https://www.sec.gov/Archives/edgar/data/97745/000009774520000018/0000097745-20-000018-index.htm,https://www.sec.gov/Archives/edgar/data/97745/000009774520000018/tmo-20200328.htm
2019-12-31,TMO,2020-02-26,2020-02-26 15:33:51,FY,783000000,2674000000,-1891000000,-2.4150702426564497,262000000,1512000000,0.0,330000000,2104000000,5597000000,142000000,573000000,1805000000,2.30523627075,1232000000,1.57343550447,29000000,1038000000,1.32567049808,36000000,1002000000,1.27969348659,2.51,2.49,400000000,403000000,https://www.sec.gov/Archives/edgar/data/97745/000009774520000009/0000097745-20-000009-index.htm,https://www.sec.gov/Archives/edgar/data/97745/000009774520000009/tmo-20191231.htm
2019-09-28,TMO,2019-11-01,2019-11-01 10:56:26,Q3,6272000000,2471000000,3801000000,0.6060267857142857,247000000,1539000000,0.0,3540000000,1662000000,5326000000,164000000,575000000,1521000000,0.242506377551,946000000,0.150829081633,31000000,822000000,0.131058673469,62000000,760000000,0.121173469388,1.89,1.88,400000000,403000000,https://www.sec.gov/Archives/edgar/data/97745/000009774519000049/0000097745-19-000049-index.htm,https://www.sec.gov/Archives/edgar/data/97745/000009774519000049/q3201910q.htm
2019-06-29,TMO,2019-08-02,2019-08-02 11:53:27,Q2,6316000000,2478000000,3838000000,0.6076630778974034,246000000,1565000000,0.0,3009000000,1708000000,4820000000,181000000,571000000,2067000000,0.327264091197,1496000000,0.236858771374,-473000000,1393000000,0.220550981634,274000000,1119000000,0.177169094364,2.8,2.78,400000000,403000000,https://www.sec.gov/Archives/edgar/data/97745/000009774519000035/0000097745-19-000035-index.htm,https://www.sec.gov/Archives/edgar/data/97745/000009774519000035/q2201910q.htm
2019-03-30,TMO,2019-05-03,2019-05-03 11:28:31,Q1,6125000000,2414000000,3711000000,0.6058775510204082,248000000,1528000000,0.0,3429000000,1673000000,5205000000,189000000,555000000,1475000000,0.240816326531,920000000,0.150204081633,0.0,817000000,0.133387755102,2000000.0,815000000,0.13306122449,2.04,2.02,400000000,403000000,https://www.sec.gov/Archives/edgar/data/97745/000009774519000016/0000097745-19-000016-index.htm,https://www.sec.gov/Archives/edgar/data/97745/000009774519000016/q1201910q.htm
2018-12-31,TMO,2019-02-27,2019-02-27 16:15:13,FY,6507000000,2610000000,3897000000,0.598893499308437,251000000,1510000000,0.0,3598000000,1625000000,5359000000,172000000,558000000,1706000000,0.26217919164,1148000000,0.176425388044,-35000000,1012000000,0.155524819425,114000000,898000000,0.138005225142,2.24,2.21,402000000,406000000,https://www.sec.gov/Archives/edgar/data/97745/000009774519000007/0000097745-19-000007-index.htm,https://www.sec.gov/Archives/edgar/data/97745/000009774519000007/a201810k.htm
2018-09-29,TMO,2018-11-02,2018-11-02 11:45:35,Q3,5920000000,2357000000,3563000000,0.6018581081081081,240000000,1490000000,0.0,3278000000,1628000000,5008000000,162000000,563000000,1475000000,0.249155405405,912000000,0.154054054054,35000000,810000000,0.136824324324,101000000,709000000,0.119763513514,1.76,1.75,402000000,406000000,https://www.sec.gov/Archives/edgar/data/97745/000009774518000040/0000097745-18-000040-index.htm,https://www.sec.gov/Archives/edgar/data/97745/000009774518000040/q3201810q.htm
2018-06-30,TMO,2018-08-03,2018-08-03 11:40:26,Q2,6078000000,2390000000,3688000000,0.6067785455742021,242000000,1542000000,0.0,3357000000,1653000000,5141000000,170000000,571000000,1508000000,0.24810793024,937000000,0.154162553472,0.0,806000000,0.13260941099,54000000,752000000,0.12372490951,1.87,1.85,402000000,406000000,https://www.sec.gov/Archives/edgar/data/97745/000009774518000029/0000097745-18-000029-index.htm,https://www.sec.gov/Archives/edgar/data/97745/000009774518000029/q2201810q.htm
2018-03-31,TMO,2018-05-04,2018-05-04 10:53:06,Q1,5853000000,2325000000,3528000000,0.6027678113787801,234000000,1515000000,0.0,3318000000,1597000000,5067000000,163000000,575000000,1361000000,0.232530326328,786000000,0.134290107637,0.0,634000000,0.108320519392,55000000,579000000,0.0989236289083,1.44,1.43,402000000,406000000,https://www.sec.gov/Archives/edgar/data/97745/000009774518000017/0000097745-18-000017-index.htm,https://www.sec.gov/Archives/edgar/data/97745/000009774518000017/q1201810q.htm
2017-12-31,TMO,2018-02-28,2018-02-28 09:19:05,FY,6046800000,2428300000,3618500000,0.5984156909439704,232900000,1476500000,0.0,3379000000,1571400000,5088900000,166300000,573500000,1531400000,0.253257921545,957900000,0.15841436793,0.0,819900000,0.13559237944,289400000,528100000,0.0873354501555,1.32,1.3,395000000,398000000,https://www.sec.gov/Archives/edgar/data/97745/000009774518000006/0000097745-18-000006-index.htm,https://www.sec.gov/Archives/edgar/data/97745/000009774518000006/a201710k.htm
2017-09-30,TMO,2017-11-03,2017-11-03 13:48:50,Q3,5116200000,2173700000,2942500000,0.5751338884328212,218100000,1396800000,0.0,2865000000,1459300000,4480000000,156700000,516800000,1153000000,0.225362573785,636200000,0.124350103593,0.0,480600000,0.0939369062976,-35000000,533900000,0.104354794574,1.34,1.34,392400000,395600000,https://www.sec.gov/Archives/edgar/data/97745/000009774517000047/0000097745-17-000047-index.htm,https://www.sec.gov/Archives/edgar/data/97745/000009774517000047/q3201710q.htm
2017-07-01,TMO,2017-08-04,2017-08-04 08:44:28,Q2,4990000000,2244400000,2745600000,0.5502204408817635,221600000,1287500000,0.0,2730000000,1383200000,4238500000,133600000,478200000,1229700000,0.246432865731,751500000,0.150601202405,0.0,625600000,0.125370741483,13400000,611600000,0.122565130261,1.57,1.55,390500000,393700000,https://www.sec.gov/Archives/edgar/data/97745/000009774517000041/0000097745-17-000041-index.htm,https://www.sec.gov/Archives/edgar/data/97745/000009774517000041/q2201710q.htm
2017-04-01,TMO,2017-05-05,2017-05-05 09:43:40,Q1,4765000000,2129600000,2635400000,0.5530745015739769,215400000,1331200000,0.0,2596000000,1427100000,4142600000,135400000,464500000,1086900000,0.228100734523,622400000,0.130619097587,0.0,502900000,0.105540398741,48000000,551400000,0.115718782791,1.41,1.4,391000000,394100000,https://www.sec.gov/Archives/edgar/data/97745/000009774517000023/0000097745-17-000023-index.htm,https://www.sec.gov/Archives/edgar/data/97745/000009774517000023/tmoq1201710q.htm
2016-12-31,TMO,2017-02-28,2017-02-28 15:22:18,FY,4953200000,2216700000,2736500000,0.5524711297746911,212600000,1265300000,0.0,2723000000,1377200000,4200600000,131300000,473800000,1226400000,0.247597512719,752600000,0.151942178794,189000000,651900000,0.131611887265,19200000,629500000,0.127089558265,1.59,1.59,394800000,397400000,https://www.sec.gov/Archives/edgar/data/97745/000009774517000007/0000097745-17-000007-index.htm,https://www.sec.gov/Archives/edgar/data/97745/000009774517000007/tmo201610k.htm
2016-10-01,TMO,2016-11-04,2016-11-04 12:09:07,Q3,4490900000,2024300000,2466600000,0.5492440268097709,183300000,1274600000,0.0,2492000000,1344700000,3949800000,113300000,433000000,974100000,0.216905297379,541100000,0.120488098154,0.0,427900000,0.0952815693959,25000000,473500000,0.105435436104,1.2,1.19,394800000,397600000,https://www.sec.gov/Archives/edgar/data/97745/000009774516000072/0000097745-16-000072-index.htm,https://www.sec.gov/Archives/edgar/data/97745/000009774516000072/tmoq3201610q.htm
2016-07-02,TMO,2016-08-05,2016-08-05 12:04:14,Q2,4535200000,2039300000,2495900000,0.5503395660610337,182400000,1223100000,0.0,2492000000,1289000000,3897600000,118800000,435100000,1072700000,0.23652760628,637600000,0.140589169166,0.0,521100000,0.114901217146,4300000.0,516600000,0.113908978656,1.31,1.3,394900000,397700000,https://www.sec.gov/Archives/edgar/data/97745/000009774516000065/0000097745-16-000065-index.htm,https://www.sec.gov/Archives/edgar/data/97745/000009774516000065/tmoq2201610q.htm
2016-04-02,TMO,2016-05-06,2016-05-06 08:30:16,Q1,4294800000,1933600000,2361200000,0.5497811306696471,176500000,1212900000,0.0,2388000000,1294500000,3776900000,106200000,416100000,934000000,0.217472292074,517900000,0.120587687436,0.0,423000000,0.0984911986588,20700000,402200000,0.0936481326255,1.02,1.01,395800000,398700000,https://www.sec.gov/Archives/edgar/data/97745/000009774516000054/0000097745-16-000054-index.htm,https://www.sec.gov/Archives/edgar/data/97745/000009774516000054/tmoq1201610q.htm
2015-12-31,TMO,2016-02-25,2016-02-25 14:24:54,FY,4652500000,2102100000,2550400000,0.5481783987103708,180300000,1190400000,0.0,2592000000,1263200000,3962300000,103000000,424500000,1114700000,0.23959161741,690200000,0.148350349275,48000000,582700000,0.125244492208,23000000,602600000,0.129521762493,1.51,1.5,398700000,401900000,https://www.sec.gov/Archives/edgar/data/97745/000009774516000043/0000097745-16-000043-index.htm,https://www.sec.gov/Archives/edgar/data/97745/000009774516000043/tmo201510k.htm
2015-09-26,TMO,2015-10-30,2015-10-30 11:05:44,Q3,4123200000,1853900000,2269300000,0.5503734963135429,171600000,1133300000,0.0,2255000000,1210100000,3560300000,100600000,427700000,990600000,0.240250291036,562900000,0.136520178502,15000000,468100000,0.113528327513,9000000.0,476100000,0.115468568102,1.2,1.19,398400000,401700000,https://www.sec.gov/Archives/edgar/data/97745/000009774515000031/0000097745-15-000031-index.htm,https://www.sec.gov/Archives/edgar/data/97745/000009774515000031/tmoq315.htm
2015-06-27,TMO,2015-07-31,2015-07-31 14:13:50,Q2,4270900000,1907000000,2363900000,0.5534898967430752,174600000,1151000000,0.0,2349000000,1233400000,3675100000,102900000,419700000,1015500000,0.237771898195,595800000,0.139502212648,20000000,503600000,0.117914256948,8000000.0,511600000,0.119787398441,1.28,1.27,398100000,401500000,https://www.sec.gov/Archives/edgar/data/97745/000009774515000026/0000097745-15-000026-index.htm,https://www.sec.gov/Archives/edgar/data/97745/000009774515000026/tmoq215.htm
2015-03-28,TMO,2015-05-01,2015-05-01 11:52:26,Q1,3918800000,1720800000,2198000000,0.5608859855057671,165800000,1137400000,0.0,2129000000,1197900000,3431500000,108400000,416300000,903600000,0.230580790038,487300000,0.124349290599,32000000,382000000,0.097478820047,3000000.0,385100000,0.0982698785342,0.97,0.96,397800000,401400000,https://www.sec.gov/Archives/edgar/data/97745/000009774515000014/0000097745-15-000014-index.htm,https://www.sec.gov/Archives/edgar/data/97745/000009774515000014/tmoq115.htm
2014-12-31,TMO,2015-02-26,2015-02-26 16:27:46,FY,4492800000,2014600000,2478200000,0.5515936609686609,182500000,1236600000,0.0,2434000000,1317100000,3853700000,116200000,428700000,1067800000,0.237669159544,639100000,0.142249821937,33000000,537100000,0.119546830484,67000000,601200000,0.133814102564,1.51,1.49,398200000,402300000,https://www.sec.gov/Archives/edgar/data/97745/000009774515000007/0000097745-15-000007-index.htm,https://www.sec.gov/Archives/edgar/data/97745/000009774515000007/tmok2014.htm
2014-09-27,TMO,2014-10-31,2014-10-31 15:02:28,Q3,4171400000,1873900000,2297500000,0.5507743203720573,175200000,1228700000,0.0,2127000000,1302800000,3531100000,116800000,455700000,1096000000,0.262741525627,640300000,0.153497626696,-110000000,539200000,0.129261159323,69300000,471600000,0.113055568874,1.18,1.17,397500000,401700000,https://www.sec.gov/Archives/edgar/data/97745/000009774514000052/0000097745-14-000052-index.htm,https://www.sec.gov/Archives/edgar/data/97745/000009774514000052/tmoq314.htm
2014-06-28,TMO,2014-08-01,2014-08-01 11:33:45,Q2,4321900000,2112900000,2209000000,0.511117795414054,183700000,1253800000,0.0,2536000000,1325900000,3973800000,129100000,434800000,782900000,0.181147180638,348100000,0.0805432795761,61000000,236500000,0.0547213031306,42000000,278500000,0.0644392512552,0.69,0.69,396300000,400700000,https://www.sec.gov/Archives/edgar/data/97745/000009774514000045/0000097745-14-000045-index.htm,https://www.sec.gov/Archives/edgar/data/97745/000009774514000045/tmoq214.htm
2014-03-29,TMO,2014-05-02,2014-05-02 14:05:19,Q1,3903500000,1933300000,1970200000,0.5047265274753426,149700000,1177000000,0.0,1702000000,1225600000,3028000000,117800000,365600000,1241100000,0.317945433585,875500000,0.224285897272,-582000000,774400000,0.198386063789,231300000,543100000,0.13913154861,1.38,1.36,393300000,398400000,https://www.sec.gov/Archives/edgar/data/97745/000009774514000031/0000097745-14-000031-index.htm,https://www.sec.gov/Archives/edgar/data/97745/000009774514000031/tmoq114.htm
2013-12-31,TMO,2014-02-27,2014-02-27 15:36:55,FY,3466900000,1657400000,1809500000,0.5219360235368773,104700000,898700000,0.0,7851000000,926000000,3011900000,69000000,249300000,704300000,0.203149787995,455000000,0.13124116646,0.0,377600000,0.108915746056,34600000,342100000,0.0986760506504,0.94,0.92,360300000,365800000,https://www.sec.gov/Archives/edgar/data/97745/000009774514000014/0000097745-14-000014-index.htm,https://www.sec.gov/Archives/edgar/data/97745/000009774514000014/tmok2013.htm
2013-09-28,TMO,2013-11-01,2013-11-01 11:17:16,Q3,3191800000,1546600000,1645200000,0.5154458299392193,95900000,848500000,0.0,-73000000,871300000,2799700000,64300000,250400000,642500000,0.201297073751,392100000,0.122846042985,0.0,319000000,0.0999436054891,1300000.0,317600000,0.0995049815151,0.88,0.87,359800000,364100000,https://www.sec.gov/Archives/edgar/data/97745/000009774513000048/0000097745-13-000048-index.htm,https://www.sec.gov/Archives/edgar/data/97745/000009774513000048/tmoq313.htm
2013-06-29,TMO,2013-08-02,2013-08-02 13:52:30,Q2,3240100000,1572500000,1667600000,0.514675472979229,96700000,869600000,0.0,-95000000,870900000,2864700000,64400000,249200000,624600000,0.19277182803,375400000,0.115860621586,0.0,280000000,0.0864170858924,2400000.0,277400000,0.0856146415234,0.77,0.76,359000000,362600000,https://www.sec.gov/Archives/edgar/data/97745/000009774513000042/0000097745-13-000042-index.htm,https://www.sec.gov/Archives/edgar/data/97745/000009774513000042/tmoq213.htm
2013-03-30,TMO,2013-05-03,2013-05-03 11:46:33,Q1,3191500000,1533100000,1658400000,0.519630267899107,98200000,829500000,0.0,-44000000,883500000,2804400000,64400000,251000000,638100000,0.199937333542,387100000,0.12129092903,0.0,342900000,0.107441641861,2100000.0,336200000,0.105342315526,0.94,0.93,358100000,361700000,https://www.sec.gov/Archives/edgar/data/97745/000009774513000024/0000097745-13-000024-index.htm,https://www.sec.gov/Archives/edgar/data/97745/000009774513000024/tmoq113.htm
2012-12-31,TMO,2013-02-27,2013-02-27 15:07:40,FY,3259300000,1590800000,1668500000,0.5119197373669193,98500000,856600000,0.0,-57000000,898000000,2858700000,66200000,254400000,655000000,0.200963397048,400600000,0.122909827264,0.0,343500000,0.10539072807,42000000,376400000,0.115484920075,1.05,1.03,363800000,366600000,https://www.sec.gov/Archives/edgar/data/97745/000009774513000007/0000097745-13-000007-index.htm,https://www.sec.gov/Archives/edgar/data/97745/000009774513000007/tmok12.htm
2012-09-29,TMO,2012-11-02,2012-11-02 12:02:21,Q3,3085700000,1510600000,1575100000,0.5104514372751726,277900000,839000000,0.0,-56000000,875200000,2733500000,60300000,245200000,597400000,0.193602748161,352200000,0.114139417312,0.0,296400000,0.0960560002593,3000000.0,290400000,0.0941115468127,0.8,0.8,365600000,368200000,https://www.sec.gov/Archives/edgar/data/97745/000009774512000039/0000097745-12-000039-index.htm,https://www.sec.gov/Archives/edgar/data/97745/000009774512000039/tmoq312.htm
2012-06-30,TMO,2012-08-03,2012-08-03 12:02:10,Q2,3064600000,1459400000,1605200000,0.5237877700189258,94000000,829300000,0.0,44200000,873500000,2690200000,57400000,240300000,614700000,0.200580826209,374400000,0.122169287998,0.0,324500000,0.105886575736,28300000,233800000,0.0762905436272,0.63,0.63,367100000,369600000,https://www.sec.gov/Archives/edgar/data/97745/000009774512000029/0000097745-12-000029-index.htm,https://www.sec.gov/Archives/edgar/data/97745/000009774512000029/tmoq212.htm
2012-03-31,TMO,2012-05-04,2012-05-04 15:55:33,Q1,3100300000,1540500000,1559800000,0.5031126020062575,91000000,830000000,0.0,41900000,871900000,2745400000,57700000,243800000,598700000,0.19311034416,354900000,0.114472792956,0.0,305000000,0.0983775763636,28000000,277300000,0.0894429571332,0.76,0.75,367300000,370100000,https://www.sec.gov/Archives/edgar/data/97745/000009774512000016/0000097745-12-000016-index.htm,https://www.sec.gov/Archives/edgar/data/97745/000009774512000016/tmoq112.htm
2011-12-31,TMO,2012-02-29,2012-02-29 16:27:56,FY,3133600000,1556600000,1577000000,0.5032550421240746,96000000,830900000,0.0,60100000,891000000,2790700000,59100000,246900000,589800000,0.188218023998,342900000,0.109426857289,0.0,307300000,0.0980661220322,17800000,288900000,0.0921942813378,0.77,0.78,380800000,384800000,https://www.sec.gov/Archives/edgar/data/97745/000009774512000010/0000097745-12-000010-index.htm,https://www.sec.gov/Archives/edgar/data/97745/000009774512000010/tmok11.htm
2011-10-01,TMO,2011-11-04,2011-11-04 12:23:21,Q3,2973500000,1499900000,1473600000,0.4955776021523457,86000000,809700000,0.0,36500000,846200000,2658500000,49500000,229700000,544700000,0.183184799058,315000000,0.105935765932,0.0,264700000,0.0890196737851,-600000.0,265400000,0.0892550865983,0.71,0.69,383300000,387700000,https://www.sec.gov/Archives/edgar/data/97745/000009774511000057/0000097745-11-000057-index.htm,https://www.sec.gov/Archives/edgar/data/97745/000009774511000057/tmoq311.htm
2011-07-02,TMO,2011-08-05,2011-08-05 12:51:28,Q2,2897400000,1460200000,1437200000,0.49603092427693796,84000000,777200000,0.0,73100000,850300000,2631600000,38900000,202600000,468400000,0.161662179885,265800000,0.0917374197556,0.0,255600000,0.0882170221578,38000000,523400000,0.180644715952,1.36,1.35,385300000,390300000,https://www.sec.gov/Archives/edgar/data/97745/000009774511000043/0000097745-11-000043-index.htm,https://www.sec.gov/Archives/edgar/data/97745/000009774511000043/tmoq211.htm
2011-04-02,TMO,2011-05-06,2011-05-06 14:30:18,Q1,2721400000,1354800000,1366600000,0.502168001763798,74000000,708700000,0.0,52300000,761000000,2399900000,27800000,185700000,507200000,0.186374660101,321500000,0.118137723231,0.0,299000000,0.109869919894,51800000,252200000,0.0926728889542,0.65,0.64,388600000,394600000,https://www.sec.gov/Archives/edgar/data/97745/000009774511000023/0000097745-11-000023-index.htm,https://www.sec.gov/Archives/edgar/data/97745/000009774511000023/tmoq111.htm
2010-12-31,TMO,2011-02-24,2011-02-24 16:59:42,FY,2781100000,1364100000,1417000000,0.5095106252921506,78000000,717900000,0.0,55000000,772900000,2439800000,19500000,192500000,533800000,0.191938441624,341300000,0.122721225414,0.0,318000000,0.1360136869118905,20600000,297500000,0.106972061415,0.75,0.74,403300000,409400000,https://www.sec.gov/Archives/edgar/data/97745/000009774511000013/0000097745-11-000013-index.htm,https://www.sec.gov/Archives/edgar/data/97745/000009774511000013/tmok2010.htm
2010-10-02,TMO,2010-11-05,2010-11-05 13:21:55,Q3,8007600000,4029500000,3978100000,0.49679054897847047,72000000,2108300000,0.0,131900000,2240200000,7084000000,65200000,586600000,1510200000,0.188595833958,923600000,0.115340426595,0.0,849000000,0.106024276937,110900000,738100000,0.0921749338129,1.82,1.79,406500000,412900000,https://www.sec.gov/Archives/edgar/data/97745/000009774510000040/0000097745-10-000040-index.htm,https://www.sec.gov/Archives/edgar/data/97745/000009774510000040/tmoq310.htm
2010-07-03,TMO,2010-08-04,2010-08-04 12:53:48,Q2,2247000000,1566000000,681000000,0.3030707610146863,71000000,692000000,0.0,-37000000,763000000,2329000000,0.0,191000000,503000000,0.22385402759234535,312000000,0.13885180240320427,0.0,275000000,0.12238540275923454,-38000000,237000000,0.1054739652870494,0.0,0.0,409000000,418000000,https://www.sec.gov/Archives/edgar/data/97745/000009774510000030/0000097745-10-000030-index.htm,https://www.sec.gov/Archives/edgar/data/97745/000009774510000030/tmoq210.htm
2010-04-03,TMO,2010-05-06,2010-05-06 15:53:29,Q1,2281000000,1578000000,703000000,0.30819815870232353,66000000,719000000,0.0,-24000000,785000000,2363000000,0.0,199000000,492000000,0.21569487067075843,293000000,0.12845243314335816,0.0,268000000,0.11749232792634809,-38000000,232000000,0.10170977641385358,0.0,0.0,0.0,0.0,https://www.sec.gov/Archives/edgar/data/97745/000009774510000014/0000097745-10-000014-index.htm,https://www.sec.gov/Archives/edgar/data/97745/000009774510000014/tmoq110.htm
2009-12-31,TMO,2010-02-26,2010-02-26 15:15:58,FY,2394000000,1701000000,693000000,0.2894736842105263,70000000,720000000,0.0,-43000000,790000000,2491000000,0.0,207000000,531000000,0.22180451127819548,324000000,0.13533834586466165,0.0,281000000,0.11737677527151211,-6000000.0,273000000,0.11403508771929824,2.06,2.01,412000000,422000000,https://www.sec.gov/Archives/edgar/data/97745/000009774510000008/0000097745-10-000008-index.htm,https://www.sec.gov/Archives/edgar/data/97745/000009774510000008/tmok2009.htm
2009-09-26,TMO,2009-10-30,2009-10-30 10:26:23,Q3,2140000000,1519000000,621000000,0.29018691588785045,60000000,663000000,0.0,-29000000,723000000,2242000000,0.0,196000000,471000000,0.22009345794392524,275000000,0.12850467289719625,-23000000,247000000,0.11542056074766355,-26000000,222000000,0.10373831775700934,1.39,1.36,413000000,423000000,https://www.sec.gov/Archives/edgar/data/97745/000009774509000050/0000097745-09-000050-index.htm,https://www.sec.gov/Archives/edgar/data/97745/000009774509000050/tmoq309.htm
2009-06-27,TMO,2009-07-31,2009-07-31 10:08:12,Q2,2091000000,1497000000,594000000,0.28407460545193686,58000000,660000000,0.0,-27000000,718000000,2215000000,0.0,194000000,453000000,0.21664275466284075,259000000,0.12386417981826878,23000000,232000000,0.11095169775227164,-25000000,207000000,0.09899569583931134,0.85,0.84,416000000,424000000,https://www.sec.gov/Archives/edgar/data/97745/000009774509000040/0000097745-09-000040-index.htm,https://www.sec.gov/Archives/edgar/data/97745/000009774509000040/tmoq209.htm
2009-05-01,TMO,2009-05-01,2009-05-01 13:54:17,Q1,1898000000,1367000000,531000000,0.279768177028451,58000000,625000000,0.0,-22000000,683000000,2050000000,0.0,190000000,380000000,0.20021074815595363,190000000,0.10010537407797682,0.0,167000000,0.08798735511064278,-18000000,148000000,0.0779768177028451,0.36,0.35,417000000,425000000,https://www.sec.gov/Archives/edgar/data/97745/000009774509000016/0000097745-09-000016-index.htm,https://www.sec.gov/Archives/edgar/data/97745/000009774509000016/tmoq109.htm
2008-12-31,TMO,2009-02-27,2009-02-27 13:23:17,FY,987000000,1579000000,-592000000,-0.5997973657548126,61000000,663000000,0.0,-22000000,724000000,2303000000,0.0,194000000,517000000,0.5238095238095238,323000000,0.3272543059777102,0.0,300000000,0.303951367781155,-9000000.0,290000000,0.2938196555217832,2.36,2.27,418000000,434000000,https://www.sec.gov/Archives/edgar/data/97745/000009774509000011/0000097745-09-000011-index.htm,https://www.sec.gov/Archives/edgar/data/97745/000009774509000011/tmok08.htm
2008-09-27,TMO,2008-10-30,2008-10-30 15:41:29,Q3,2588000000,1555000000,1033000000,0.3991499227202473,62000000,669000000,0.0,-22000000,731000000,2286000000,0.0,200000000,486000000,0.18778979907264295,286000000,0.11051004636785162,0.0,264000000,0.10200927357032458,-46000000,222000000,0.08578052550231839,1.67,1.6,418000000,437000000,https://www.sec.gov/Archives/edgar/data/97745/000009774508000119/0000097745-08-000119-index.htm,https://www.sec.gov/Archives/edgar/data/97745/000009774508000119/tmoq308.htm
2008-06-28,TMO,2008-07-31,2008-07-31 12:18:49,Q2,2709000000,1622000000,1087000000,0.40125507567368035,64000000,699000000,0.0,-23000000,763000000,2385000000,0.0,200000000,530000000,0.19564414913252123,330000000,0.12181616832779624,0.0,308000000,0.11369509043927649,-61000000,249000000,0.09191583610188261,1.15,1.1,417000000,436000000,https://www.sec.gov/Archives/edgar/data/97745/000009774508000109/0000097745-08-000109-index.htm,https://www.sec.gov/Archives/edgar/data/97745/000009774508000109/tmoq208.htm
2008-03-29,TMO,2008-05-02,2008-05-02 11:13:15,Q1,2554000000,1535000000,1019000000,0.398981989036805,62000000,661000000,0.0,-12000000,723000000,2258000000,0.0,198000000,488000000,0.19107282693813626,290000000,0.11354737666405638,0.0,277000000,0.10845732184808145,-44000000,233000000,0.09122944400939702,0.56,0.54,417000000,436000000,https://www.sec.gov/Archives/edgar/data/97745/000009774508000092/0000097745-08-000092-index.htm,https://www.sec.gov/Archives/edgar/data/97745/000009774508000092/tmoq108.htm
2007-12-31,TMO,2008-02-29,2008-02-29 12:58:50,FY,2621000000,1582000000,1039000000,0.3964135826020603,61000000,676000000,0.0,-27000000,737000000,2319000000,0.0,196000000,481000000,0.18351774132010684,285000000,0.10873712323540634,-93000000,258000000,0.09843571156047311,-23000000,240000000,0.09156810377718429,1.85,1.76,421000000,443000000,https://www.sec.gov/Archives/edgar/data/97745/000009774508000043/0000097745-08-000043-index.htm,https://www.sec.gov/Archives/edgar/data/97745/000009774508000043/tmok2007.htm
2007-09-29,TMO,2007-11-01,2007-11-01 16:28:47,Q3,2401000000,1453000000,948000000,0.39483548521449396,59000000,627000000,0.0,-19000000,686000000,2139000000,0.0,560000000,814000000,0.3390254060807997,254000000,0.10578925447730113,0.0,235000000,0.09787588504789671,-17000000,219000000,0.09121199500208246,1.29,1.23,422000000,444000000,https://www.sec.gov/Archives/edgar/data/97745/000009774507000219/0000097745-07-000219-index.htm,https://www.sec.gov/Archives/edgar/data/97745/000009774507000219/tmoq307.htm
2007-06-30,TMO,2007-08-09,2007-08-09 13:31:10,Q2,2386000000,1449000000,937000000,0.39270746018440905,59000000,626000000,0.0,-21000000,685000000,2134000000,0.0,0.0,243000000,0.10184409052808047,243000000,0.10184409052808047,0.0,223000000,0.09346186085498742,-35000000,164000000,0.06873428331936295,0.77,0.74,422000000,443000000,https://www.sec.gov/Archives/edgar/data/97745/000009774507000099/0000097745-07-000099-index.htm,https://www.sec.gov/Archives/edgar/data/97745/000009774507000099/tmo2q07.htm
2007-03-31,TMO,2007-05-04,2007-05-04 14:45:38,Q1,2338000000,1458000000,880000000,0.3763900769888794,59000000,620000000,0.0,-26000000,679000000,2137000000,0.0,0.0,192000000,0.08212147134302823,192000000,0.08212147134302823,0.0,165000000,0.07057313943541488,-26000000,138000000,0.05902480752780154,0.33,0.31,420000000,441000000,https://www.sec.gov/Archives/edgar/data/97745/000009774507000074/0000097745-07-000074-index.htm,https://www.sec.gov/Archives/edgar/data/97745/000009774507000074/tmoq107.htm
2006-12-31,TMO,2007-03-01,2007-03-01 16:41:57,FY,1668900000,1074841000,594059000,0.3559584157229313,52169000,482900000,0.0,-19684000,535069000,1609910000,0.0,124511000,151341000,0.09068308466654683,26830000,0.01607645754688717,-19684000,126580000,0.07584636586973456,17775000,25316000,0.015169273173946911,0.85,0.82,196057000,203672000,https://www.sec.gov/Archives/edgar/data/97745/000009774507000053/0000097745-07-000053-index.htm,https://www.sec.gov/Archives/edgar/data/97745/000009774507000053/tmok2006.htm
2006-09-30,TMO,2006-11-03,2006-11-03 15:37:19,Q3,724962000,388077000,336885000,0.46469332185686973,38658000,217938000,0.0,-5743000.0,256596000,644673000,0.0,39825000,114936000,0.15854072351378418,75111000,0.10360680973623446,-5743000.0,-50066000,-0.06906017142967494,-20535000,48833000,0.06735939263023441,0.89,0.88,160680000,164889000,https://www.sec.gov/Archives/edgar/data/97745/000009774506000155/0000097745-06-000155-index.htm,https://www.sec.gov/Archives/edgar/data/97745/000009774506000155/tmo3q06.htm
2006-07-01,TMO,2006-08-04,2006-08-04 14:25:23,Q2,713468000,388976000,324492000,0.4548094658765355,40620000,206919000,0.0,-3383000.0,247539000,636515000,0.0,76437000,148610000,0.20829245320042383,72173000,0.10115800568490808,-10756000,68790000,0.09641637746892642,-19847000,47880000,0.0671088261842157,0.57,0.56,162167000,166253000,https://www.sec.gov/Archives/edgar/data/97745/000009774506000140/0000097745-06-000140-index.htm,https://www.sec.gov/Archives/edgar/data/97745/000009774506000140/tmo2q06.htm
2006-04-01,TMO,2006-05-05,2006-05-05 14:55:31,Q1,684287000,371663000,312624000,0.4568609370045025,38737000,202448000,0.0,-3779000.0,241185000,612848000,0.0,0.0,67845000,0.09914699533967472,67845000,0.09914699533967472,3594000.0,64066000,0.09362445874318817,-20447000,46906000,0.06854726160222246,0.27,0.26,163044000,166982000,https://www.sec.gov/Archives/edgar/data/97745/000009774506000102/0000097745-06-000102-index.htm,https://www.sec.gov/Archives/edgar/data/97745/000009774506000102/tmoq1_06.htm
