date,symbol,fillingDate,acceptedDate,period,revenue,costOfRevenue,grossProfit,grossProfitRatio,researchAndDevelopmentExpenses,generalAndAdministrativeExpenses,sellingAndMarketingExpenses,otherExpenses,operatingExpenses,costAndExpenses,interestExpense,depreciationAndAmortization,ebitda,ebitdaratio,operatingIncome,operatingIncomeRatio,totalOtherIncomeExpensesNet,incomeBeforeTax,incomeBeforeTaxRatio,incomeTaxExpense,netIncome,netIncomeRatio,eps,epsdiluted,weightedAverageShsOut,weightedAverageShsOutDil,link,finalLink
2020-03-31,UNH,2020-05-06,2020-05-06 17:11:29,Q1,64421000000,7687000000,56734000000,0.8806755561074805,0.0,10015000000,0.0,0.0,10015000000,59425000000,437000000,723000000,5719000000,0.0887753993263,4996000000,0.0775523509415,365000000,4559000000,0.0707688486674,1094000000,3382000000,0.0524984089039,3.56,3.52,949000000,962000000,https://www.sec.gov/Archives/edgar/data/731766/000073176620000026/0000731766-20-000026-index.htm,https://www.sec.gov/Archives/edgar/data/731766/000073176620000026/unh202033110-q.htm
2019-12-31,UNH,2020-02-14,2020-02-14 17:18:38,FY,60901000000,6511000000,54390000000,0.8930887834354115,0.0,9301000000,0.0,0.0,9301000000,55806000000,437000000,718000000,5813000000,0.095449992611,5095000000,0.0836603668248,433000000,4658000000,0.0764847867851,990000000,3541000000,0.058143544441,3.73,3.68,951000000,966000000,https://www.sec.gov/Archives/edgar/data/731766/000073176620000006/0000731766-20-000006-index.htm,https://www.sec.gov/Archives/edgar/data/731766/000073176620000006/unh2019123110-k.htm
2019-09-30,UNH,2019-11-06,2019-11-06 16:07:31,Q3,60351000000,6627000000,53724000000,0.8901923746085401,0.0,8960000000,0.0,0.0,8960000000,55337000000,449000000,709000000,5723000000,0.0948285861046,5014000000,0.083080644894,466000000,4565000000,0.0756408344518,936000000,3538000000,0.0586237179169,3.73,3.68,952000000,967000000,https://www.sec.gov/Archives/edgar/data/731766/000073176619000034/0000731766-19-000034-index.htm,https://www.sec.gov/Archives/edgar/data/731766/000073176619000034/unh201993010-q.htm
2019-06-30,UNH,2019-08-07,2019-08-06 17:35:52,Q2,60595000000,7598000000,52997000000,0.8746101163462332,0.0,8415000000,0.0,0.0,8415000000,55851000000,418000000,654000000,5398000000,0.0890832576945,4744000000,0.0782902879776,582000000,4326000000,0.0713920290453,941000000,3293000000,0.0543444178563,3.47,3.41,954000000,970000000,https://www.sec.gov/Archives/edgar/data/731766/000073176619000025/0000731766-19-000025-index.htm,https://www.sec.gov/Archives/edgar/data/731766/000073176619000025/unh201963010-q.htm
2019-03-31,UNH,2019-05-07,2019-05-07 17:10:28,Q1,60308000000,7381000000,52927000000,0.8776115938183989,0.0,8517000000,0.0,0.0,8517000000,55476000000,400000000,639000000,5471000000,0.0907176493997,4832000000,0.0801220401937,405000000,4432000000,0.0734894209723,875000000,3467000000,0.0574882271009,3.62,3.56,958000000,975000000,https://www.sec.gov/Archives/edgar/data/731766/000073176619000013/0000731766-19-000013-index.htm,https://www.sec.gov/Archives/edgar/data/731766/000073176619000013/unh201933110-q.htm
2018-12-31,UNH,2019-02-12,2019-02-12 17:16:04,FY,58417000000,7625000000,50792000000,0.8694729274012701,0.0,8703000000,0.0,0.0,8703000000,53920000000,374000000,637000000,5134000000,0.0878853758324,4497000000,0.0769810158002,341000000,4123000000,0.0705787698786,959000000,3040000000,0.0520396459935,3.16,3.1,963000000,983000000,https://www.sec.gov/Archives/edgar/data/731766/000073176619000005/0000731766-19-000005-index.htm,https://www.sec.gov/Archives/edgar/data/731766/000073176619000005/unh2018123110-k.htm
2018-09-30,UNH,2018-11-08,2018-11-08 16:12:46,Q3,56556000000,6718000000,49838000000,0.881215078859891,0.0,8479000000,0.0,0.0,8479000000,51966000000,353000000,611000000,5201000000,0.0919619492185,4590000000,0.0811584977721,382000000,4237000000,0.0749168965273,953000000,3188000000,0.0563689086923,3.31,3.24,963000000,984000000,https://www.sec.gov/Archives/edgar/data/731766/000073176618000040/0000731766-18-000040-index.htm,https://www.sec.gov/Archives/edgar/data/731766/000073176618000040/unh201893010-q.htm
2018-06-30,UNH,2018-08-07,2018-08-07 16:07:58,Q2,56086000000,6471000000,49615000000,0.8846236137360483,0.0,8386000000,0.0,0.0,8386000000,51882000000,344000000,598000000,4802000000,0.0856185144243,4204000000,0.0749563170845,355000000,3860000000,0.0688228791499,850000000,2922000000,0.0520985629212,3.04,2.98,963000000,984000000,https://www.sec.gov/Archives/edgar/data/731766/000073176618000030/0000731766-18-000030-index.htm,https://www.sec.gov/Archives/edgar/data/731766/000073176618000030/unh201863010-q.htm
2018-03-31,UNH,2018-05-07,2018-05-07 16:17:34,Q1,55188000000,6184000000,49004000000,0.8879466550699427,0.0,8506000000,0.0,0.0,8506000000,51135000000,329000000,582000000,4635000000,0.0839856490541,4053000000,0.0734398782344,298000000,3724000000,0.0674784373415,800000000,2836000000,0.0513879828948,2.94,2.87,966000000,987000000,https://www.sec.gov/Archives/edgar/data/731766/000073176618000018/0000731766-18-000018-index.htm,https://www.sec.gov/Archives/edgar/data/731766/000073176618000018/unh201833110-q.htm
2017-12-31,UNH,2018-02-13,2018-02-13 16:10:43,FY,52061000000,6479000000,45582000000,0.875549835769578,0.0,7820000000,0.0,0.0,7820000000,48084000000,308000000,578000000,4555000000,0.0874935172202,3977000000,0.0763911565279,1023000000,3669000000,0.0704750196884,-3200000000,3617000000,0.0694761913909,3.73,3.66,964000000,985000000,https://www.sec.gov/Archives/edgar/data/731766/000073176618000005/0000731766-18-000005-index.htm,https://www.sec.gov/Archives/edgar/data/731766/000073176618000005/unh2017123110-k.htm
2017-09-30,UNH,2017-11-07,2017-11-07 16:13:45,Q3,50322000000,6068000000,44254000000,0.8794165573705338,0.0,7387000000,0.0,0.0,7387000000,46234000000,294000000,578000000,4666000000,0.092722864751,4088000000,0.081236834784,247000000,3794000000,0.0753944596797,1233000000,2485000000,0.0493819800485,2.57,2.51,962000000,983000000,https://www.sec.gov/Archives/edgar/data/731766/000073176617000045/0000731766-17-000045-index.htm,https://www.sec.gov/Archives/edgar/data/731766/000073176617000045/unh930201710-q.htm
2017-06-30,UNH,2017-08-04,2017-08-04 16:54:46,Q2,50053000000,5889000000,44164000000,0.8823447146025213,0.0,7328000000,0.0,0.0,7328000000,46322000000,301000000,556000000,4287000000,0.0856492118355,3731000000,0.0745409865543,256000000,3430000000,0.0685273609973,1080000000,2284000000,0.0456316304717,2.37,2.32,959000000,980000000,https://www.sec.gov/Archives/edgar/data/731766/000073176617000028/0000731766-17-000028-index.htm,https://www.sec.gov/Archives/edgar/data/731766/000073176617000028/unh630201710-q.htm
2017-03-31,UNH,2017-05-08,2017-05-08 16:46:48,Q1,48723000000,5676000000,43047000000,0.8835047103010898,0.0,7022000000,0.0,0.0,7022000000,45310000000,283000000,533000000,3946000000,0.0809884448823,3413000000,0.0700490528087,222000000,3130000000,0.064240707674,939000000,2172000000,0.0445785358044,2.28,2.23,954000000,975000000,https://www.sec.gov/Archives/edgar/data/731766/000073176617000016/0000731766-17-000016-index.htm,https://www.sec.gov/Archives/edgar/data/731766/000073176617000016/unh331201710-q.htm
2016-12-31,UNH,2017-02-08,2017-02-08 16:22:01,FY,47535000000,6308000000,41227000000,0.8672977805827286,0.0,7817000000,0.0,0.0,7817000000,44348000000,268000000,527000000,3714000000,0.0781319028085,3187000000,0.0670453350163,261000000,2919000000,0.0614073840328,1211000000,1684000000,0.0354265278216,1.77,1.74,952000000,968000000,https://www.sec.gov/Archives/edgar/data/731766/000073176617000009/0000731766-17-000009-index.htm,https://www.sec.gov/Archives/edgar/data/731766/000073176617000009/unh2016123110-k.htm
2016-09-30,UNH,2016-11-08,2016-11-08 16:38:28,Q3,46293000000,6125000000,40168000000,0.8676905795692653,0.0,7033000000,0.0,0.0,7033000000,42713000000,269000000,515000000,4095000000,0.0884582982308,3580000000,0.0773335061456,191000000,3311000000,0.0715226924157,1333000000,1968000000,0.0425118268421,2.07,2.03,952000000,968000000,https://www.sec.gov/Archives/edgar/data/731766/000073176616000088/0000731766-16-000088-index.htm,https://www.sec.gov/Archives/edgar/data/731766/000073176616000088/unh930201610-q.htm
2016-06-30,UNH,2016-08-02,2016-08-02 16:37:24,Q2,46485000000,6106000000,40379000000,0.8686457997203398,0.0,6793000000,0.0,0.0,6793000000,43282000000,271000000,511000000,3714000000,0.0798967408842,3203000000,0.0689039475099,193000000,2932000000,0.0630741099279,1172000000,1754000000,0.0377326019146,1.84,1.81,952000000,967000000,https://www.sec.gov/Archives/edgar/data/731766/000073176616000081/0000731766-16-000081-index.htm,https://www.sec.gov/Archives/edgar/data/731766/000073176616000081/unh201663010-q.htm
2016-03-31,UNH,2016-05-04,2016-05-04 17:27:59,Q1,44527000000,5877000000,38650000000,0.8680126664720282,0.0,6758000000,0.0,0.0,6758000000,41567000000,259000000,502000000,3462000000,0.0777505783008,2960000000,0.0664765198644,183000000,2701000000,0.0606598243762,1074000000,1611000000,0.0361802951018,1.69,1.67,953000000,967000000,https://www.sec.gov/Archives/edgar/data/731766/000073176616000068/0000731766-16-000068-index.htm,https://www.sec.gov/Archives/edgar/data/731766/000073176616000068/unh201633110-q.htm
2015-12-31,UNH,2016-02-09,2016-02-09 16:12:06,FY,43599000000,7895000000,35704000000,0.8189178650886488,0.0,6210000000,0.0,0.0,6210000000,41131000000,260000000,484000000,2952000000,0.0677079749536,2468000000,0.0566068029083,180000000,2208000000,0.0506433633799,956000000,1218000000,0.0279364205601,1.28,1.26,953000000,967000000,https://www.sec.gov/Archives/edgar/data/731766/000073176616000058/0000731766-16-000058-index.htm,https://www.sec.gov/Archives/edgar/data/731766/000073176616000058/unh2015123110-k.htm
2015-09-30,UNH,2015-11-05,2015-11-05 16:05:14,Q3,41489000000,6100000000,35389000000,0.8529730772011859,0.0,6301000000,0.0,0.0,6301000000,38471000000,229000000,452000000,3470000000,0.0836366265757,3018000000,0.0727421726241,170000000,2789000000,0.0672226373256,1171000000,1597000000,0.0384921304442,1.67,1.65,953000000,967000000,https://www.sec.gov/Archives/edgar/data/731766/000073176615000049/0000731766-15-000049-index.htm,https://www.sec.gov/Archives/edgar/data/731766/000073176615000049/unh201593010-q.htm
2015-06-30,UNH,2015-07-29,2015-07-29 17:25:52,Q2,36263000000,1111000000,35152000000,0.9693627113035326,0.0,5852000000,0.0,0.0,5852000000,33368000000,151000000,379000000,3274000000,0.0902848633593,2895000000,0.0798334390426,360000000,2744000000,0.0756694151063,1159000000,1585000000,0.0437084631718,1.67,1.64,953000000,967000000,https://www.sec.gov/Archives/edgar/data/731766/000073176615000037/0000731766-15-000037-index.htm,https://www.sec.gov/Archives/edgar/data/731766/000073176615000037/unh201563010-q.htm
2015-03-31,UNH,2015-05-06,2015-05-06 17:25:37,Q1,35756000000,1100000000,34656000000,0.9692359324309207,0.0,5949000000,0.0,0.0,5949000000,33116000000,150000000,378000000,3018000000,0.0844054144759,2640000000,0.0738337621658,146000000,2490000000,0.0696386620427,1077000000,1413000000,0.0395178431592,1.48,1.46,954000000,969000000,https://www.sec.gov/Archives/edgar/data/731766/000073176615000016/0000731766-15-000016-index.htm,https://www.sec.gov/Archives/edgar/data/731766/000073176615000016/unh201533110-q.htm
2014-12-31,UNH,2015-02-10,2015-02-10 16:45:11,FY,33433000000,1008000000,32425000000,0.9698501480573086,0.0,5845000000,0.0,0.0,5845000000,30668000000,151000000,381000000,3146000000,0.0940986450513,2765000000,0.0827027188706,166000000,5623000000,0.16818712051,1104000000,1510000000,0.0451649567792,1.57,1.55,972000000,986000000,https://www.sec.gov/Archives/edgar/data/731766/000073176615000007/0000731766-15-000007-index.htm,https://www.sec.gov/Archives/edgar/data/731766/000073176615000007/unh2014123110-k.htm
2014-09-30,UNH,2014-11-10,2014-11-10 12:26:44,Q3,32759000000,955000000,31804000000,0.9708477059739308,0.0,5436000000,0.0,0.0,5436000000,29856000000,152000000,373000000,3276000000,0.100003052596,2903000000,0.0886168686468,172000000,908000000,0.0277175737965,1149000000,1602000000,0.0489025916542,1.65,1.63,977000000,990000000,https://www.sec.gov/Archives/edgar/data/731766/000073176614000051/0000731766-14-000051-index.htm,https://www.sec.gov/Archives/edgar/data/731766/000073176614000051/unh201493010-q.htm
2014-06-30,UNH,2014-08-04,2014-08-04 16:04:27,Q2,32574000000,929000000,31645000000,0.9714803217289864,0.0,5206000000,0.0,0.0,5206000000,30022000000,155000000,364000000,2916000000,0.0895192484804,2552000000,0.0783446920857,250000000,1691000000,0.051912568306,989000000,1408000000,0.0432246577025,1.44,1.42,981000000,994000000,https://www.sec.gov/Archives/edgar/data/731766/000073176614000042/0000731766-14-000042-index.htm,https://www.sec.gov/Archives/edgar/data/731766/000073176614000042/unh201463010-q.htm
2014-03-31,UNH,2014-05-06,2014-05-06 16:40:54,Q1,31708000000,892000000,30816000000,0.9718682982212691,0.0,5194000000,0.0,0.0,5194000000,29654000000,160000000,360000000,2414000000,0.0761322063832,2054000000,0.0647786047685,191000000,1434000000,0.0452251797654,795000000,1099000000,0.0346600227072,1.12,1.1,983000000,996000000,https://www.sec.gov/Archives/edgar/data/731766/000073176614000025/0000731766-14-000025-index.htm,https://www.sec.gov/Archives/edgar/data/731766/000073176614000025/unh201433110-q.htm
2013-12-31,UNH,2014-02-12,2014-02-12 16:32:19,FY,31117000000,757000000,30360000000,0.9756724619982646,0.0,5054000000,0.0,0.0,5054000000,28665000000,176000000,350000000,2802000000,0.0900472410579,2452000000,0.0787993701192,184000000,1106000000,0.0355432721663,849000000,1427000000,0.0458591766558,1.43,1.41,1006000000,1023000000,https://www.sec.gov/Archives/edgar/data/731766/000073176614000008/0000731766-14-000008-index.htm,https://www.sec.gov/Archives/edgar/data/731766/000073176614000008/unh2013123110-k.htm
2013-09-30,UNH,2013-11-07,2013-11-07 16:03:34,Q3,30624000000,731000000,29893000000,0.9761298328108673,0.0,4869000000,0.0,0.0,4869000000,27993000000,178000000,349000000,2980000000,0.0973092998955,2631000000,0.0859130094044,163000000,1518000000,0.0495689655172,883000000,1570000000,0.0512669801463,1.56,1.53,1009000000,1026000000,https://www.sec.gov/Archives/edgar/data/731766/000073176613000034/0000731766-13-000034-index.htm,https://www.sec.gov/Archives/edgar/data/731766/000073176613000034/unh201393010-q.htm
2013-06-30,UNH,2013-08-05,2013-08-05 16:09:40,Q2,30408000000,669000000,29739000000,0.9779992107340174,0.0,4825000000,0.0,0.0,4825000000,28007000000,176000000,340000000,2741000000,0.0901407524336,2401000000,0.0789594843462,195000000,2225000000,0.07317153380689292,789000000,1436000000,0.0472244146277,1.43,1.4,1012000000,1027000000,https://www.sec.gov/Archives/edgar/data/731766/000073176613000026/0000731766-13-000026-index.htm,https://www.sec.gov/Archives/edgar/data/731766/000073176613000026/unh201363010-q.htm
2013-03-31,UNH,2013-05-06,2013-05-06 16:47:57,Q1,30340000000,682000000,29658000000,0.9775214238628873,0.0,4614000000,0.0,0.0,4614000000,28201000000,178000000,336000000,2475000000,0.0815754779169,2139000000,0.0705009887937,203000000,1961000000,0.0646341463415,721000000,1192000000,0.0392880685564,1.17,1.16,1016000000,1029000000,https://www.sec.gov/Archives/edgar/data/731766/000073176613000014/0000731766-13-000014-index.htm,https://www.sec.gov/Archives/edgar/data/731766/000073176613000014/unh201333110-q.htm
2012-12-31,UNH,2013-02-07,2013-02-06 18:00:09,FY,28769000000,642000000,28127000000,0.9776843129757725,0.0,4853000000,0.0,0.0,4853000000,26668000000,173000000,370000000,2471000000,0.0858910632973,2101000000,0.0730299975668,185000000,1928000000,0.0670165803469,684000000,1244000000,0.0432409885641,1.22,1.2,1027000000,1046000000,https://www.sec.gov/Archives/edgar/data/731766/000073176613000005/0000731766-13-000005-index.htm,https://www.sec.gov/Archives/edgar/data/731766/000073176613000005/unh2012123110-k.htm
2012-09-30,UNH,2012-10-30,2012-10-30 16:11:40,Q3,27302000000,627000000,26675000000,0.9770346494762289,0.0,4277000000,0.0,0.0,4277000000,24692000000,158000000,317000000,2927000000,0.107208263131,2610000000,0.0955973921324,145000000,2452000000,0.0898102703099,895000000,1557000000,0.0570287890997,1.52,1.49,1030000000,1049000000,https://www.sec.gov/Archives/edgar/data/731766/000073176612000038/0000731766-12-000038-index.htm,https://www.sec.gov/Archives/edgar/data/731766/000073176612000038/unh201293010q.htm
2012-06-30,UNH,2012-08-07,2012-08-07 16:05:06,Q2,27265000000,620000000,26645000000,0.9772602237300568,0.0,4080000000,0.0,0.0,4080000000,25039000000,153000000,326000000,2552000000,0.0935998532918,2226000000,0.0816431322208,178000000,2073000000,0.0760315422703,736000000,1337000000,0.0490372272144,1.3,1.28,1034000000,1054000000,https://www.sec.gov/Archives/edgar/data/731766/000073176612000028/0000731766-12-000028-index.htm,https://www.sec.gov/Archives/edgar/data/731766/000073176612000028/unh201263010q.htm
2012-03-31,UNH,2012-05-03,2012-05-03 16:23:59,Q1,27282000000,634000000,26648000000,0.9767612345135988,0.0,4096000000,0.0,0.0,4096000000,24965000000,148000000,296000000,2613000000,0.0957774356719,2317000000,0.0849277912177,172000000,2169000000,0.0795029689905,781000000,1388000000,0.0508760354813,1.34,1.31,1039000000,1060000000,https://www.sec.gov/Archives/edgar/data/731766/000073176612000015/0000731766-12-000015-index.htm,https://www.sec.gov/Archives/edgar/data/731766/000073176612000015/unh201233110q.htm
2011-12-31,UNH,2012-02-09,2012-02-08 19:46:55,FY,25916000000,623000000,25293000000,0.9759607964192005,0.0,4308000000,0.0,0.0,4308000000,23842000000,139000000,290000000,2364000000,0.0912177805217,2074000000,0.0800277820651,142000000,1935000000,0.0746643000463,677000000,1258000000,0.0485414415805,1.19,1.17,1070000000,1087000000,https://www.sec.gov/Archives/edgar/data/731766/000073176612000009/0000731766-12-000009-index.htm,https://www.sec.gov/Archives/edgar/data/731766/000073176612000009/unh2011123110k.htm
2011-09-30,UNH,2011-11-04,2011-11-04 17:05:48,Q3,25280000000,609000000,24671000000,0.9759098101265823,0.0,3899000000,0.0,0.0,3899000000,23210000000,129000000,294000000,2364000000,0.0935126582278,2070000000,0.0818829113924,170000000,1941000000,0.0767800632911,670000000,1271000000,0.0502768987342,1.2,1.18,1074000000,1091000000,https://www.sec.gov/Archives/edgar/data/731766/000073176611000012/0000731766-11-000012-index.htm,https://www.sec.gov/Archives/edgar/data/731766/000073176611000012/unh201193010q.htm
2011-06-30,UNH,2011-08-02,2011-08-02 16:20:15,Q2,25234000000,554000000,24680000000,0.9780454941745265,0.0,3733000000,0.0,0.0,3733000000,23135000000,119000000,270000000,2369000000,0.0938812713006,2099000000,0.0831814218911,160000000,1980000000,0.0784655623365,713000000,1267000000,0.050210034081,1.18,1.16,1079000000,1096000000,https://www.sec.gov/Archives/edgar/data/731766/000119312511206372/0001193125-11-206372-index.htm,https://www.sec.gov/Archives/edgar/data/731766/000119312511206372/d10q.htm
2011-03-31,UNH,2011-05-03,2011-05-03 17:28:02,Q1,25432000000,599000000,24833000000,0.9764469959106638,0.0,3617000000,0.0,0.0,3617000000,23211000000,118000000,270000000,2491000000,0.0979474677572,2221000000,0.0873309216735,182000000,2103000000,0.0826910978295,757000000,1346000000,0.0529254482542,1.24,1.22,1086000000,1099000000,https://www.sec.gov/Archives/edgar/data/731766/000119312511124184/0001193125-11-124184-index.htm,https://www.sec.gov/Archives/edgar/data/731766/000119312511124184/d10q.htm
2010-12-31,UNH,2011-02-10,2011-02-10 16:04:42,FY,24030000000,563000000,23467000000,0.9765709529754474,0.0,4087000000,0.0,0.0,4087000000,22228000000,118000000,320000000,2122000000,0.0883062838119,1802000000,0.0749895963379,0.0,1684000000,0.0700790678319,641000000,1043000000,0.0434040782355,0.96,0.95,1120000000,1131000000,https://www.sec.gov/Archives/edgar/data/731766/000119312511030615/0001193125-11-030615-index.htm,https://www.sec.gov/Archives/edgar/data/731766/000119312511030615/d10k.htm
2010-09-30,UNH,2010-11-03,2010-11-03 16:08:09,Q3,23668000000,536000000,23132000000,0.9773533885414907,0.0,3548000000,0.0,0.0,3548000000,21523000000,119000000,247000000,2392000000,0.101064728748,2145000000,0.0906286969748,136000000,2026000000,0.0856008112219,749000000,1277000000,0.0539547067771,1.14,1.13,1129000000,1139000000,https://www.sec.gov/Archives/edgar/data/731766/000119312510246111/0001193125-10-246111-index.htm,https://www.sec.gov/Archives/edgar/data/731766/000119312510246111/d10q.htm
2010-06-30,UNH,2010-08-05,2010-08-05 15:35:10,Q2,23264000000,534000000,22730000000,0.9770460797799174,0.0,3359000000,0.0,0.0,3359000000,21363000000,119000000,249000000,2150000000,0.0924174690509,1901000000,0.0817142365887,149000000,1782000000,0.0765990371389,659000000,1123000000,0.0482720082531,1.0,0.99,1136000000,1146000000,https://www.sec.gov/Archives/edgar/data/731766/000119312510179226/0001193125-10-179226-index.htm,https://www.sec.gov/Archives/edgar/data/731766/000119312510179226/d10q.htm
2010-03-31,UNH,2010-05-05,2010-05-05 16:22:54,Q1,23193000000,483000000,22710000000,0.9791747510024577,0.0,3276000000,0.0,0.0,3276000000,21177000000,125000000,248000000,2264000000,0.0976156598974,2016000000,0.0869227784245,173000000,1891000000,0.0815332212305,700000000,1191000000,0.0513517009443,1.04,1.03,1145000000,1156000000,https://www.sec.gov/Archives/edgar/data/731766/000119312510108897/0001193125-10-108897-index.htm,https://www.sec.gov/Archives/edgar/data/731766/000119312510108897/d10q.htm
2009-12-31,UNH,2010-02-10,2010-02-10 16:37:06,FY,21784000000,497000000,21287000000,0.9771850899742931,0.0,0.0,0.0,0.0,0.0,497000000,144000000,258000000,1833000000,0.0841443261109071,1575000000,0.07230077120822623,141000000,1431000000,0.06569041498347411,-487000000,1918000000,0.08804627249357326,3.27,3.27,1168000000,1168000000,https://www.sec.gov/Archives/edgar/data/731766/000119312510027229/0001193125-10-027229-index.htm,https://www.sec.gov/Archives/edgar/data/731766/000119312510027229/d10k.htm
2009-09-30,UNH,2009-11-03,2009-11-03 16:14:24,Q3,21695000000,442000000,21253000000,0.9796266420834293,0.0,0.0,0.0,0.0,0.0,442000000,137000000,250000000,1926000000,0.08877621571790735,1676000000,0.07725282323115926,140000000,1539000000,0.0709380041484213,-504000000,2043000000,0.09416916340170546,2.45,2.45,1173000000,1173000000,https://www.sec.gov/Archives/edgar/data/731766/000119312509222100/0001193125-09-222100-index.htm,https://www.sec.gov/Archives/edgar/data/731766/000119312509222100/d10q.htm
2009-06-30,UNH,2009-08-06,2009-08-06 16:07:57,Q2,43425000000,422000000,43003000000,0.9902820955670697,0.0,0.0,0.0,0.0,0.0,422000000,139000000,249000000,1689000000,0.03889464594127807,1440000000,0.03316062176165803,153000000,1301000000,0.029959700633275764,-442000000,1743000000,0.04013816925734024,1.56,1.56,1184000000,1184000000,https://www.sec.gov/Archives/edgar/data/731766/000119312509167160/0001193125-09-167160-index.htm,https://www.sec.gov/Archives/edgar/data/731766/000119312509167160/d10q.htm
2009-03-31,UNH,2009-05-07,2009-05-07 16:05:52,Q1,234000000,404000000,-170000000,-0.7264957264957265,0.0,0.0,0.0,0.0,0.0,404000000,131000000,234000000,1902000000,8.128205128205128,1668000000,7.128205128205129,158000000,1537000000,6.568376068376068,-553000000,2090000000,8.931623931623932,0.82,0.82,1198000000,1198000000,https://www.sec.gov/Archives/edgar/data/731766/000119312509103335/0001193125-09-103335-index.htm,https://www.sec.gov/Archives/edgar/data/731766/000119312509103335/d10q.htm
2008-12-31,UNH,2009-02-11,2009-02-11 17:25:19,FY,20454000000,415000000,20039000000,0.979710570059646,0.0,0.0,0.0,0.0,0.0,415000000,155000000,259000000,1538000000,0.07519311626087807,1279000000,0.06253055637039209,109000000,1124000000,0.05495257651315146,-398000000,1522000000,0.07441087317884032,2.45,2.45,1214000000,1214000000,https://www.sec.gov/Archives/edgar/data/731766/000119312509025587/0001193125-09-025587-index.htm,https://www.sec.gov/Archives/edgar/data/731766/000119312509025587/d10k.htm
2008-09-30,UNH,2008-11-07,2008-11-07 16:06:27,Q3,20156000000,387000000,19769000000,0.9807997618575114,0.0,0.0,0.0,0.0,0.0,387000000,166000000,254000000,1852000000,0.09188331018059138,1598000000,0.0792816034927565,143000000,1432000000,0.07104584242905339,-512000000,1944000000,0.09644770787854733,1.85,1.85,1220000000,1220000000,https://www.sec.gov/Archives/edgar/data/731766/000119312508229996/0001193125-08-229996-index.htm,https://www.sec.gov/Archives/edgar/data/731766/000119312508229996/d10q.htm
2008-06-30,UNH,2008-08-07,2008-08-07 17:03:30,Q2,20272000000,353000000,19919000000,0.98258681925809,0.0,0.0,0.0,0.0,0.0,353000000,164000000,243000000,916000000,0.045185477505919495,673000000,0.03319850039463299,240000000,509000000,0.02510852407261247,-172000000,681000000,0.03359313338595107,1.08,1.08,1229000000,1229000000,https://www.sec.gov/Archives/edgar/data/731766/000119312508170237/0001193125-08-170237-index.htm,https://www.sec.gov/Archives/edgar/data/731766/000119312508170237/d10q.htm
2008-03-31,UNH,2008-05-02,2008-05-02 17:15:16,Q1,20304000000,325000000,19979000000,0.9839933018124507,0.0,0.0,0.0,0.0,0.0,325000000,154000000,225000000,1938000000,0.09544917257683215,1713000000,0.08436761229314421,279000000,1559000000,0.0767828999211978,-565000000,2124000000,0.10460992907801418,0.8,0.8,1240000000,1240000000,https://www.sec.gov/Archives/edgar/data/731766/000119312508100902/0001193125-08-100902-index.htm,https://www.sec.gov/Archives/edgar/data/731766/000119312508100902/d10q.htm
2007-12-31,UNH,2008-02-21,2008-02-21 17:12:48,FY,18705000000,211000000,18494000000,0.9887195936915263,0.0,0.0,0.0,0.0,0.0,211000000,153000000,207000000,2245000000,0.12002138465650895,2038000000,0.10895482491312483,279000000,1885000000,0.10077519379844961,-669000000,2554000000,0.13654103180967656,3.55,3.55,1312000000,1312000000,https://www.sec.gov/Archives/edgar/data/731766/000119312508035391/0001193125-08-035391-index.htm,https://www.sec.gov/Archives/edgar/data/731766/000119312508035391/d10k.htm
2007-09-30,UNH,2007-11-01,2007-11-01 17:18:13,Q3,18679000000,206000000,18473000000,0.9889715723539804,0.0,0.0,0.0,0.0,0.0,206000000,142000000,202000000,2357000000,0.12618448525081644,2155000000,0.11537020183093313,302000000,2013000000,0.10776808180309438,-730000000,2743000000,0.14684940307296965,2.59,2.59,1325000000,1325000000,https://www.sec.gov/Archives/edgar/data/731766/000119312507232664/0001193125-07-232664-index.htm,https://www.sec.gov/Archives/edgar/data/731766/000119312507232664/d10q.htm
2007-06-30,UNH,2007-08-06,2007-08-06 06:09:31,Q2,19000000000,181000000,18819000000,0.9904736842105263,0.0,0.0,0.0,0.0,0.0,181000000,133000000,196000000,2270000000,0.11947368421052632,2074000000,0.1091578947368421,293000000,1941000000,0.1021578947368421,-713000000,2654000000,0.1396842105263158,1.61,1.61,1335000000,1335000000,https://www.sec.gov/Archives/edgar/data/731766/000119312507171261/0001193125-07-171261-index.htm,https://www.sec.gov/Archives/edgar/data/731766/000119312507171261/d10q.htm
2007-03-31,UNH,2007-05-09,2007-05-09 17:16:52,Q1,19047000000,170000000,18877000000,0.9910747099280727,0.0,0.0,0.0,0.0,0.0,170000000,116000000,191000000,1773000000,0.09308552527957159,1582000000,0.0830576993752297,270000000,1466000000,0.07696750144379692,-539000000,2005000000,0.10526592114243713,0.69,0.69,1343000000,1343000000,https://www.sec.gov/Archives/edgar/data/731766/000119312507108409/0001193125-07-108409-index.htm,https://www.sec.gov/Archives/edgar/data/731766/000119312507108409/d10q.htm
2006-12-31,UNH,2007-03-06,2007-03-06 06:18:47,FY,28823000000,0.0,28823000000,1.0,0.0,0.0,0.0,0.0,0.0,0.0,95000000,177000000,3112000000,0.10796933004891926,2935000000,0.10182840092981299,257000000,2840000000,0.098532422024078,-1015000000,3855000000,0.1337473545432467,1.55,1.55,1178000000,1178000000,https://www.sec.gov/Archives/edgar/data/731766/000119312507046861/0001193125-07-046861-index.htm,https://www.sec.gov/Archives/edgar/data/731766/000119312507046861/d10k.htm
2006-09-30,UNH,2007-03-06,2007-03-06 06:14:45,Q3,17970000000,151000000,17819000000,0.9915971062882583,0.0,0.0,0.0,0.0,0.0,151000000,129000000,168000000,2031000000,0.11302170283806344,1863000000,0.10367278797996661,226000000,1734000000,0.09649415692821368,-622000000,2356000000,0.13110740122426265,2.22,2.22,1344000000,1344000000,https://www.sec.gov/Archives/edgar/data/731766/000119312507046858/0001193125-07-046858-index.htm,https://www.sec.gov/Archives/edgar/data/731766/000119312507046858/d10q.htm
2006-06-30,UNH,2007-03-06,2007-03-06 06:11:33,Q2,17858000000,280000000,17578000000,0.984320752603875,0.0,0.0,0.0,0.0,0.0,280000000,116000000,168000000,1822000000,0.10202710269907045,1654000000,0.09261955426139545,221000000,1538000000,0.08612386605442938,-565000000,2103000000,0.11776234740732446,1.39,1.39,1346000000,1346000000,https://www.sec.gov/Archives/edgar/data/731766/000119312507046855/0001193125-07-046855-index.htm,https://www.sec.gov/Archives/edgar/data/731766/000119312507046855/d10q.htm
2006-03-31,UNH,2006-05-10,2006-05-10 17:32:00,Q1,17586000000,0.0,17586000000,1.0,0.0,0.0,0.0,0.0,0.0,0.0,82000000,157000000,1643000000,0.09342658933242352,1486000000,0.08449903332196065,172000000,1404000000,0.07983623336745138,-505000000,1909000000,0.10855225747753895,0.66,0.66,1353000000,1353000000,https://www.sec.gov/Archives/edgar/data/731766/000119312506107853/0001193125-06-107853-index.htm,https://www.sec.gov/Archives/edgar/data/731766/000119312506107853/d10q.htm
2005-12-31,UNH,2006-02-24,2006-02-24 17:00:10,FY,12045000000,0.0,12045000000,1.0,0.0,0.0,0.0,0.0,0.0,0.0,75000000,120000000,1549000000,0.1286010792860108,1429000000,0.11863843918638439,121000000,1354000000,0.1124117891241179,-484000000,1838000000,0.15259443752594437,2.61,2.61,1265000000,1265000000,https://www.sec.gov/Archives/edgar/data/731766/000119312506038949/0001193125-06-038949-index.htm,https://www.sec.gov/Archives/edgar/data/731766/000119312506038949/d10k.htm
2005-09-30,UNH,2005-11-04,2005-11-04 08:48:57,Q3,33103000000,0.0,33103000000,1.0,0.0,0.0,0.0,0.0,0.0,0.0,62000000,116000000,1494000000,0.04513186116061988,1378000000,0.04162764704105368,135000000,1316000000,0.039754705011630365,-474000000,1790000000,0.05407364891399571,1.92,1.92,1263000000,1263000000,https://www.sec.gov/Archives/edgar/data/731766/000119312505216378/0001193125-05-216378-index.htm,https://www.sec.gov/Archives/edgar/data/731766/000119312505216378/d10q.htm
2005-06-30,UNH,2005-08-08,2005-08-08 17:24:32,Q2,217000000,0.0,217000000,1.0,0.0,0.0,0.0,0.0,0.0,0.0,104000000,108000000,2674000000,12.32258064516129,2566000000,11.824884792626728,243000000,2462000000,11.345622119815669,-874000000,3336000000,15.373271889400922,1.25,1.25,1268000000,1268000000,https://www.sec.gov/Archives/edgar/data/731766/000119312505160946/0001193125-05-160946-index.htm,https://www.sec.gov/Archives/edgar/data/731766/000119312505160946/d10q.htm
2005-03-31,UNH,2005-05-05,2005-05-05 17:06:23,Q1,10887000000,0.0,10887000000,1.0,0.0,0.0,0.0,0.0,0.0,0.0,49000000,109000000,1365000000,0.12537889225682006,1256000000,0.11536695140993845,114000000,1207000000,0.11086617066225773,-428000000,1635000000,0.15017911270322404,1.22,1.22,639000000,639000000,https://www.sec.gov/Archives/edgar/data/731766/000119312505097623/0001193125-05-097623-index.htm,https://www.sec.gov/Archives/edgar/data/731766/000119312505097623/d10q.htm
2004-12-31,UNH,2005-03-01,2005-03-01 17:14:38,FY,10511000000,0.0,10511000000,1.0,0.0,0.0,0.0,0.0,0.0,0.0,42000000,106000000,1294000000,0.12310912377509275,1188000000,0.11302445057558748,110000000,1146000000,0.10902863666634954,-407000000,1553000000,0.1477499762153934,4.13,4.13,626000000,626000000,https://www.sec.gov/Archives/edgar/data/731766/000119312505039947/0001193125-05-039947-index.htm,https://www.sec.gov/Archives/edgar/data/731766/000119312505039947/d10k.htm
2004-09-30,UNH,2004-11-09,2004-11-08 19:47:37,Q3,9859000000,0.0,9859000000,1.0,0.0,0.0,0.0,0.0,0.0,0.0,34000000,99000000,1191000000,0.12080332690942286,1092000000,0.11076174054163708,97000000,1058000000,0.10731311492037732,-360000000,1418000000,0.14382797443959833,2.99,2.99,618000000,618000000,https://www.sec.gov/Archives/edgar/data/731766/000095013404016793/0000950134-04-016793-index.htm,https://www.sec.gov/Archives/edgar/data/731766/000095013404016793/c89291e10vq.htm
2004-06-30,UNH,2004-08-09,2004-08-09 17:21:23,Q2,8704000000,0.0,8704000000,1.0,0.0,0.0,0.0,0.0,0.0,0.0,28000000,87000000,1032000000,0.11856617647058823,945000000,0.10857077205882353,90000000,917000000,0.10535386029411764,-321000000,1238000000,0.14223345588235295,1.9,1.9,606000000,606000000,https://www.sec.gov/Archives/edgar/data/731766/000095013404011798/0000950134-04-011798-index.htm,https://www.sec.gov/Archives/edgar/data/731766/000095013404011798/c87271e10vq.htm
2004-03-31,UNH,2004-05-07,2004-05-07 10:04:38,Q1,8144000000,0.0,8144000000,1.0,0.0,0.0,0.0,0.0,0.0,0.0,24000000,82000000,958000000,0.11763261296660119,876000000,0.1075638506876228,91000000,852000000,0.10461689587426326,-298000000,1150000000,0.1412082514734774,0.92,0.92,601000000,601000000,https://www.sec.gov/Archives/edgar/data/731766/000119312504081467/0001193125-04-081467-index.htm,https://www.sec.gov/Archives/edgar/data/731766/000119312504081467/d10q.htm
2003-12-31,UNH,2004-03-15,2004-03-15 17:10:43,FY,7523000000,0.0,7523000000,1.0,0.0,0.0,0.0,0.0,0.0,0.0,24000000,77000000,887000000,0.11790509105410076,810000000,0.1076698125747707,77000000,786000000,0.10447959590588861,-279000000,1065000000,0.14156586468164295,3.1,3.1,589000000,589000000,https://www.sec.gov/Archives/edgar/data/731766/000095013404003522/0000950134-04-003522-index.htm,https://www.sec.gov/Archives/edgar/data/731766/000095013404003522/c82635e10vk.htm
2003-09-30,UNH,2003-11-14,2003-11-14 15:00:13,Q3,7238000000,0.0,7238000000,1.0,0.0,0.0,0.0,0.0,0.0,0.0,24000000,75000000,838000000,0.1157778391820945,763000000,0.10541586073500966,63000000,739000000,0.10210002763194252,-263000000,1002000000,0.13843603205305333,2.23,2.23,592000000,592000000,https://www.sec.gov/Archives/edgar/data/731766/000095013403015425/0000950134-03-015425-index.htm,https://www.sec.gov/Archives/edgar/data/731766/000095013403015425/c79390e10vq.htm
2003-06-30,UNH,2003-08-13,2003-08-13 16:43:42,Q2,7087000000,0.0,7087000000,1.0,0.0,0.0,0.0,0.0,0.0,0.0,24000000,74000000,783000000,0.11048398476082968,709000000,0.100042331028644,60000000,685000000,0.09665584873712431,-246000000,931000000,0.13136729222520108,1.42,1.42,593000000,593000000,https://www.sec.gov/Archives/edgar/data/731766/000095013403011638/0000950134-03-011638-index.htm,https://www.sec.gov/Archives/edgar/data/731766/000095013403011638/c77715e10vq.htm
2003-03-31,UNH,2003-05-15,2003-05-15 16:46:15,Q1,6975000000,0.0,6975000000,1.0,0.0,0.0,0.0,0.0,0.0,0.0,23000000,73000000,726000000,0.10408602150537634,653000000,0.09362007168458782,57000000,630000000,0.09032258064516129,-227000000,857000000,0.12286738351254481,1.35,1.35,298000000,298000000,https://www.sec.gov/Archives/edgar/data/731766/000095013403008200/0000950134-03-008200-index.htm,https://www.sec.gov/Archives/edgar/data/731766/000095013403008200/c76981e10vq.htm
2002-09-30,UNH,2002-11-14,2002-11-14 18:12:38,Q3,6247000000,0.0,6247000000,1.0,0.0,0.0,0.0,0.0,0.0,0.0,24000000,66000000,638000000,0.10212902193052666,572000000,0.09156395069633425,52000000,548000000,0.08772210661117337,-195000000,743000000,0.1189370898031055,3.2,3.2,304000000,304000000,https://www.sec.gov/Archives/edgar/data/731766/000095013402014483/0000950134-02-014483-index.htm,https://www.sec.gov/Archives/edgar/data/731766/000095013402014483/c72837e10vq.htm
2002-06-30,UNH,2002-08-13,2002-08-12 21:58:08,Q2,6078000000,0.0,6078000000,1.0,0.0,0.0,0.0,0.0,0.0,0.0,20000000,62000000,585000000,0.096248766041461,523000000,0.08604804211911814,51000000,503000000,0.08275748601513656,-178000000,681000000,0.11204343534057255,2.03,2.03,306000000,306000000,https://www.sec.gov/Archives/edgar/data/731766/000095013402009610/0000950134-02-009610-index.htm,https://www.sec.gov/Archives/edgar/data/731766/000095013402009610/c70907e10vq.htm
2002-03-31,UNH,2002-05-14,2002-05-14 17:26:09,Q1,6013000000,0.0,6013000000,1.0,0.0,0.0,0.0,0.0,0.0,0.0,24000000,56000000,538000000,0.08947280891401962,482000000,0.08015965408282055,62000000,458000000,0.07616830201230666,-163000000,621000000,0.10327623482454681,0.96,0.96,307000000,307000000,https://www.sec.gov/Archives/edgar/data/731766/000095013702003025/0000950137-02-003025-index.htm,https://www.sec.gov/Archives/edgar/data/731766/000095013702003025/c69365e10-q.htm
2001-09-30,UNH,2001-11-13,2001-11-13 00:00:00,Q3,128000000,0.0,128000000,1.0,0.0,0.0,0.0,0.0,0.0,0.0,-1000000.0,67000000,79000000,0.6171875,12000000,0.09375,-5000000.0,13000000,0.1015625,-5000000.0,18000000,0.140625,0.75,0.75,309000000,309000000,https://www.sec.gov/Archives/edgar/data/731766/000091205701539251/0000912057-01-539251-index.htm,https://www.sec.gov/Archives/edgar/data/731766/000091205701539251/a2063056z10-q.htm
2001-06-30,UNH,2001-08-14,2001-08-14 00:00:00,Q2,133000000,0.0,133000000,1.0,0.0,0.0,0.0,0.0,0.0,0.0,1000000.0,64000000,83000000,0.6240601503759399,19000000,0.14285714285714285,0.0,18000000,0.13533834586466165,-7000000.0,25000000,0.18796992481203006,0.71,0.71,312000000,312000000,https://www.sec.gov/Archives/edgar/data/731766/000091205701528595/0000912057-01-528595-index.htm,https://www.sec.gov/Archives/edgar/data/731766/000091205701528595/a2056221z10-q.htm
2001-03-31,UNH,2001-05-15,2001-05-15 00:00:00,Q1,5680000000,0.0,5680000000,1.0,0.0,0.0,0.0,0.0,0.0,0.0,23000000,64000000,429000000,0.0755281690140845,365000000,0.06426056338028169,74000000,342000000,0.060211267605633806,-130000000,472000000,0.08309859154929577,0.67,0.67,317000000,317000000,https://www.sec.gov/Archives/edgar/data/731766/000091205701516177/0000912057-01-516177-index.htm,https://www.sec.gov/Archives/edgar/data/731766/000091205701516177/a2048654z10-q.htm
2000-09-30,UNH,2000-11-06,2000-11-06 00:00:00,Q3,10468000000,0.0,10468000000,1.0,0.0,0.0,0.0,0.0,0.0,0.0,35000000,62000000,644000000,0.061520825372564,582000000,0.055598012991975546,113000000,547000000,0.05225448987390141,-191000000,738000000,0.07050057317539167,3.24,3.24,162000000,162000000,https://www.sec.gov/Archives/edgar/data/731766/000091205700047441/0000912057-00-047441-index.htm,https://www.sec.gov/Archives/edgar/data/731766/000091205700047441/a2029141z10-q.htm
