date,symbol,fillingDate,acceptedDate,period,revenue,costOfRevenue,grossProfit,grossProfitRatio,researchAndDevelopmentExpenses,generalAndAdministrativeExpenses,sellingAndMarketingExpenses,otherExpenses,operatingExpenses,costAndExpenses,interestExpense,depreciationAndAmortization,ebitda,ebitdaratio,operatingIncome,operatingIncomeRatio,totalOtherIncomeExpensesNet,incomeBeforeTax,incomeBeforeTaxRatio,incomeTaxExpense,netIncome,netIncomeRatio,eps,epsdiluted,weightedAverageShsOut,weightedAverageShsOutDil,link,finalLink
2020-03-31,UNP,2020-04-23,2020-04-23 16:58:23,Q1,5229000000,434000000,4795000000,0.9170013386880856,0.0,1059000000,0.0,2027000000,3086000000,3086000000,278000000,547000000,2690000000,0.51443870721,2143000000,0.409829795372,53000000,1918000000,0.366800535475,444000000,1474000000,0.281889462612,2.15,2.15,684300000,686200000,https://www.sec.gov/Archives/edgar/data/100885/000010088520000143/0000100885-20-000143-index.htm,https://www.sec.gov/Archives/edgar/data/100885/000010088520000143/unp-20200331x10q.htm
2019-12-31,UNP,2020-02-07,2020-02-07 15:35:18,FY,5212000000,1603000000,3609000000,0.6924405218726016,0.0,1049000000,0.0,2063000000,3112000000,3112000000,278000000,559000000,2659000000,0.510168841136,2100000000,0.402916346892,190000000,1878000000,0.360322333078,475000000,1403000000,0.269186492709,2.02,2.02,703500000,706100000,https://www.sec.gov/Archives/edgar/data/100885/000010088520000065/0000100885-20-000065-index.htm,https://www.sec.gov/Archives/edgar/data/100885/000010088520000065/unp-20191231x10k.htm
2019-09-30,UNP,2019-10-17,2019-10-17 16:28:14,Q3,5516000000,504000000,5012000000,0.9086294416243654,0.0,1134000000,0.0,2148000000,3282000000,3282000000,266000000,557000000,2791000000,0.505982596084,2234000000,0.405003625816,53000000,2021000000,0.366388687455,466000000,1555000000,0.281907179115,2.23,2.21,707200000,709800000,https://www.sec.gov/Archives/edgar/data/100885/000010088519000256/0000100885-19-000256-index.htm,https://www.sec.gov/Archives/edgar/data/100885/000010088519000256/unp-20190930x10q.htm
2019-06-30,UNP,2019-07-18,2019-07-18 16:35:47,Q2,5596000000,560000000,5036000000,0.899928520371694,0.0,1145000000,0.0,2191000000,3336000000,3336000000,259000000,551000000,2811000000,0.50232308792,2260000000,0.403859899929,57000000,2058000000,0.367762687634,488000000,1570000000,0.280557541101,2.22,2.22,711200000,713800000,https://www.sec.gov/Archives/edgar/data/100885/000010088519000196/0000100885-19-000196-index.htm,https://www.sec.gov/Archives/edgar/data/100885/000010088519000196/unp-20190630x10q.htm
2019-03-31,UNP,2019-04-18,2019-04-18 15:29:37,Q1,5384000000,531000000,4853000000,0.9013744427934621,0.0,1205000000,0.0,2219000000,3424000000,3424000000,247000000,549000000,2509000000,0.466010401189,1960000000,0.364041604755,77000000,1790000000,0.332466567608,399000000,1391000000,0.258358098068,1.94,1.93,716800000,719500000,https://www.sec.gov/Archives/edgar/data/100885/000010088519000129/0000100885-19-000129-index.htm,https://www.sec.gov/Archives/edgar/data/100885/000010088519000129/unp-20190331x10q.htm
2018-12-31,UNP,2019-02-08,2019-02-08 14:28:23,FY,5757000000,1872000000,3885000000,0.6748306409588327,0.0,1280000000,0.0,2267000000,3547000000,3547000000,240000000,555000000,2765000000,0.480284870592,2210000000,0.383880493312,46000000,2016000000,0.35018238666,462000000,1554000000,0.269932256384,2.13,2.12,750900000,754300000,https://www.sec.gov/Archives/edgar/data/100885/000010088519000060/0000100885-19-000060-index.htm,https://www.sec.gov/Archives/edgar/data/100885/000010088519000060/unp-20181231x10k.htm
2018-09-30,UNP,2018-10-25,2018-10-25 16:05:24,Q3,5928000000,659000000,5269000000,0.8888326585695007,0.0,1262000000,0.0,2397000000,3659000000,3659000000,241000000,547000000,2816000000,0.475033738192,2269000000,0.382759784076,48000000,2076000000,0.35020242915,483000000,1593000000,0.268724696356,2.15,2.14,758100000,761400000,https://www.sec.gov/Archives/edgar/data/100885/000010088518000268/0000100885-18-000268-index.htm,https://www.sec.gov/Archives/edgar/data/100885/000010088518000268/unp-20180930x10q.htm
2018-06-30,UNP,2018-07-19,2018-07-19 15:47:52,Q2,5672000000,643000000,5029000000,0.8866361071932299,0.0,1241000000,0.0,2332000000,3573000000,3573000000,203000000,546000000,2645000000,0.466325811001,2099000000,0.370063469676,42000000,1938000000,0.34167842031,429000000,1509000000,0.266043723554,1.98,1.97,768400000,771600000,https://www.sec.gov/Archives/edgar/data/100885/000010088518000184/0000100885-18-000184-index.htm,https://www.sec.gov/Archives/edgar/data/100885/000010088518000184/unp-20180630x10q.htm
2018-03-31,UNP,2018-04-26,2018-04-26 16:40:19,Q1,5475000000,589000000,4886000000,0.8924200913242009,0.0,1273000000,0.0,2263000000,3536000000,3536000000,186000000,543000000,2482000000,0.453333333333,1939000000,0.354155251142,-42000000,1711000000,0.312511415525,401000000,1310000000,0.239269406393,1.69,1.68,776400000,779600000,https://www.sec.gov/Archives/edgar/data/100885/000010088518000125/0000100885-18-000125-index.htm,https://www.sec.gov/Archives/edgar/data/100885/000010088518000125/unp-20180331x10q.htm
2017-12-31,UNP,2018-02-09,2018-02-09 14:32:01,FY,5450000000,1441000000,4009000000,0.7355963302752293,0.0,1232000000,0.0,1967000000,3199000000,3199000000,188000000,532000000,2783000000,0.510642201835,2251000000,0.413027522936,139000000,2092000000,0.383853211009,3080000000,7278000000,1.33541284404,9.15,9.1,798400000,801700000,https://www.sec.gov/Archives/edgar/data/100885/000010088518000048/0000100885-18-000048-index.htm,https://www.sec.gov/Archives/edgar/data/100885/000010088518000048/unp-20171231x10k.htm
2017-09-30,UNP,2017-10-26,2017-10-26 16:05:11,Q3,5408000000,450000000,4958000000,0.9167899408284024,0.0,1298000000,0.0,2098000000,3396000000,3396000000,180000000,528000000,2540000000,0.469674556213,2012000000,0.372041420118,151000000,1983000000,0.366678994083,789000000,1194000000,0.220784023669,1.5,1.5,803400000,806500000,https://www.sec.gov/Archives/edgar/data/100885/000010088517000245/0000100885-17-000245-index.htm,https://www.sec.gov/Archives/edgar/data/100885/000010088517000245/unp-20170930x10q.htm
2017-06-30,UNP,2017-07-20,2017-07-20 15:40:53,Q2,5250000000,434000000,4816000000,0.9173333333333333,0.0,1197000000,0.0,2048000000,3245000000,3245000000,179000000,525000000,2530000000,0.481904761905,2005000000,0.381904761905,43000000,1869000000,0.356,701000000,1168000000,0.222476190476,1.45,1.44,807800000,811000000,https://www.sec.gov/Archives/edgar/data/100885/000010088517000173/0000100885-17-000173-index.htm,https://www.sec.gov/Archives/edgar/data/100885/000010088517000173/unp-20170630x10q.htm
2017-03-31,UNP,2017-04-27,2017-04-27 15:21:21,Q1,5132000000,460000000,4672000000,0.9103663289166017,0.0,1257000000,0.0,2082000000,3339000000,3339000000,172000000,520000000,2313000000,0.450701480904,1793000000,0.349376461419,67000000,1688000000,0.328916601715,616000000,1072000000,0.208885424786,1.32,1.32,811500000,814800000,https://www.sec.gov/Archives/edgar/data/100885/000010088517000114/0000100885-17-000114-index.htm,https://www.sec.gov/Archives/edgar/data/100885/000010088517000114/unp-20170331x10q.htm
2016-12-31,UNP,2017-02-03,2017-02-03 16:13:15,FY,5168000000,1097000000,4071000000,0.7877321981424149,0.0,1186000000,0.0,2017000000,3203000000,3203000000,174000000,520000000,2485000000,0.480843653251,1965000000,0.380224458204,163000000,1831000000,0.354295665635,687000000,1144000000,0.221362229102,1.4,1.39,832400000,835400000,https://www.sec.gov/Archives/edgar/data/100885/000010088517000056/0000100885-17-000056-index.htm,https://www.sec.gov/Archives/edgar/data/100885/000010088517000056/unp-20161231x10k.htm
2016-09-30,UNP,2016-10-20,2016-10-20 15:49:02,Q3,5174000000,392000000,4782000000,0.9242365674526478,0.0,1191000000,0.0,2023000000,3214000000,3214000000,184000000,512000000,2472000000,0.477773482799,1960000000,0.378817162737,29000000,1805000000,0.348859683031,674000000,1131000000,0.218592964824,1.36,1.36,836800000,839600000,https://www.sec.gov/Archives/edgar/data/100885/000010088516000454/0000100885-16-000454-index.htm,https://www.sec.gov/Archives/edgar/data/100885/000010088516000454/unp-20160930x10q.htm
2016-06-30,UNP,2016-07-21,2016-07-21 17:14:32,Q2,4770000000,346000000,4424000000,0.9274633123689727,0.0,1160000000,0.0,1950000000,3110000000,3110000000,173000000,504000000,2164000000,0.453668763103,1660000000,0.348008385744,77000000,1564000000,0.327882599581,585000000,979000000,0.205241090147,1.17,1.16,840700000,843400000,https://www.sec.gov/Archives/edgar/data/100885/000010088516000400/0000100885-16-000400-index.htm,https://www.sec.gov/Archives/edgar/data/100885/000010088516000400/unp-20160630x10q.htm
2016-03-31,UNP,2016-04-21,2016-04-21 15:48:49,Q1,4829000000,320000000,4509000000,0.9337336922758335,0.0,1213000000,0.0,1929000000,3142000000,3142000000,167000000,502000000,2189000000,0.453302961276,1687000000,0.349347691033,46000000,1566000000,0.324290743425,587000000,979000000,0.202733485194,1.16,1.16,844000000,846700000,https://www.sec.gov/Archives/edgar/data/100885/000010088516000339/0000100885-16-000339-index.htm,https://www.sec.gov/Archives/edgar/data/100885/000010088516000339/unp-20160331x10q.htm
2015-12-31,UNP,2016-02-05,2016-02-05 13:24:19,FY,5208000000,484000000,4724000000,0.9070660522273426,0.0,1220000000,0.0,2070000000,3290000000,3290000000,164000000,517000000,2435000000,0.467549923195,1918000000,0.368279569892,196000000,1782000000,0.342165898618,665000000,1117000000,0.214477726575,1.32,1.31,866200000,869400000,https://www.sec.gov/Archives/edgar/data/100885/000010088516000260/0000100885-16-000260-index.htm,https://www.sec.gov/Archives/edgar/data/100885/000010088516000260/unp-20151231x10k.htm
2015-09-30,UNP,2015-10-22,2015-10-22 15:29:04,Q3,5562000000,484000000,5078000000,0.9129809421071557,0.0,1267000000,0.0,2087000000,3354000000,3354000000,157000000,507000000,2715000000,0.488133764833,2208000000,0.396979503776,30000000,2081000000,0.374145990651,781000000,1300000000,0.233728874506,1.5,1.5,871500000,874600000,https://www.sec.gov/Archives/edgar/data/100885/000010088515000190/0000100885-15-000190-index.htm,https://www.sec.gov/Archives/edgar/data/100885/000010088515000190/unp-20150930x10q.htm
2015-06-30,UNP,2015-07-24,2015-07-24 14:26:22,Q2,5429000000,541000000,4888000000,0.9003499723706023,0.0,1305000000,0.0,2175000000,3480000000,3480000000,153000000,497000000,2446000000,0.450543378154,1949000000,0.358997973844,142000000,1938000000,0.356971818014,734000000,1204000000,0.221771965371,1.38,1.38,875800000,879000000,https://www.sec.gov/Archives/edgar/data/100885/000010088515000143/0000100885-15-000143-index.htm,https://www.sec.gov/Archives/edgar/data/100885/000010088515000143/unp-20150630x10q.htm
2015-03-31,UNP,2015-04-23,2015-04-23 17:18:04,Q1,5614000000,564000000,5050000000,0.8995368721054506,0.0,1369000000,0.0,2268000000,3637000000,3637000000,148000000,491000000,2468000000,0.439615247595,1977000000,0.352155325971,26000000,1855000000,0.33042394015,704000000,1151000000,0.205023156395,1.31,1.3,879300000,882800000,https://www.sec.gov/Archives/edgar/data/100885/000010088515000090/0000100885-15-000090-index.htm,https://www.sec.gov/Archives/edgar/data/100885/000010088515000090/unp-20150331x10q.htm
2014-12-31,UNP,2015-02-06,2015-02-06 17:01:09,FY,6153000000,2657000000,3496000000,0.5681781244921177,0.0,1289000000,0.0,2491000000,3780000000,3780000000,146000000,489000000,2862000000,0.465138956607,2373000000,0.38566552901,131000000,2298000000,0.373476352999,867000000,1431000000,0.232569478303,1.61,1.61,897100000,901100000,https://www.sec.gov/Archives/edgar/data/100885/000119312515037518/0001193125-15-037518-index.htm,https://www.sec.gov/Archives/edgar/data/100885/000119312515037518/d865355d10k.htm
2014-09-30,UNP,2014-10-23,2014-10-23 14:53:00,Q3,6182000000,882000000,5300000000,0.8573277256551278,0.0,1287000000,0.0,2565000000,3852000000,3852000000,144000000,481000000,2811000000,0.454707214494,2330000000,0.376900679392,20000000,2206000000,0.35684244581,836000000,1370000000,0.221611129084,1.53,1.52,900900000,904800000,https://www.sec.gov/Archives/edgar/data/100885/000119312514380042/0001193125-14-380042-index.htm,https://www.sec.gov/Archives/edgar/data/100885/000119312514380042/d807763d10q.htm
2014-06-30,UNP,2014-07-25,2014-07-25 11:59:14,Q2,6015000000,923000000,5092000000,0.8465502909393183,0.0,1246000000,0.0,2573000000,3819000000,3819000000,138000000,470000000,2666000000,0.443225270158,2196000000,0.365087281796,22000000,2080000000,0.345802161264,789000000,1291000000,0.214630091438,0.23,0.24,904800000,908700000,https://www.sec.gov/Archives/edgar/data/100885/000119312514280047/0001193125-14-280047-index.htm,https://www.sec.gov/Archives/edgar/data/100885/000119312514280047/d761509d10q.htm
2014-03-31,UNP,2014-04-17,2014-04-17 15:42:58,Q1,5638000000,921000000,4717000000,0.8366442000709472,0.0,1254000000,0.0,2530000000,3784000000,3784000000,133000000,464000000,2318000000,0.411138701667,1854000000,0.328840014189,38000000,1759000000,0.3119900674,671000000,1088000000,0.192976232707,2.4,2.38,454100000,456200000,https://www.sec.gov/Archives/edgar/data/100885/000119312514147564/0001193125-14-147564-index.htm,https://www.sec.gov/Archives/edgar/data/100885/000119312514147564/d711505d10q.htm
2013-12-31,UNP,2014-02-07,2014-02-07 16:21:46,FY,5630000000,2668000000,2962000000,0.5261101243339253,0.0,1210000000,0.0,2447000000,3657000000,3657000000,127000000,458000000,2431000000,0.431793960924,1973000000,0.350444049734,100000000,1883000000,0.334458259325,709000000,1174000000,0.208525754885,2.56,2.54,463300000,465800000,https://www.sec.gov/Archives/edgar/data/100885/000119312514040752/0001193125-14-040752-index.htm,https://www.sec.gov/Archives/edgar/data/100885/000119312514040752/d668613d10k.htm
2013-09-30,UNP,2013-10-17,2013-10-17 16:18:56,Q3,5573000000,866000000,4707000000,0.8446079310963575,0.0,1196000000,0.0,2415000000,3611000000,3611000000,138000000,447000000,2409000000,0.432262695137,1962000000,0.352054548717,28000000,1852000000,0.332316526108,701000000,1151000000,0.206531491118,2.49,2.48,465000000,467400000,https://www.sec.gov/Archives/edgar/data/100885/000119312513402477/0001193125-13-402477-index.htm,https://www.sec.gov/Archives/edgar/data/100885/000119312513402477/d612281d10q.htm
2013-06-30,UNP,2013-07-19,2013-07-19 10:16:56,Q2,5470000000,863000000,4607000000,0.8422303473491773,0.0,1185000000,0.0,2407000000,3592000000,3592000000,133000000,438000000,2316000000,0.423400365631,1878000000,0.343327239488,23000000,1768000000,0.323217550274,662000000,1106000000,0.202193784278,2.37,2.37,466600000,469100000,https://www.sec.gov/Archives/edgar/data/100885/000119312513295099/0001193125-13-295099-index.htm,https://www.sec.gov/Archives/edgar/data/100885/000119312513295099/d568045d10q.htm
2013-03-31,UNP,2013-04-18,2013-04-18 16:47:24,Q1,5290000000,900000000,4390000000,0.8298676748582231,0.0,1216000000,0.0,2441000000,3657000000,3657000000,128000000,434000000,2067000000,0.390737240076,1633000000,0.308695652174,40000000,1545000000,0.292060491493,588000000,957000000,0.180907372401,2.05,2.03,467800000,470500000,https://www.sec.gov/Archives/edgar/data/100885/000119312513160892/0001193125-13-160892-index.htm,https://www.sec.gov/Archives/edgar/data/100885/000119312513160892/d521471d10q.htm
2012-12-31,UNP,2013-02-08,2013-02-08 13:30:06,FY,5250000000,2728000000,2522000000,0.4803809523809524,0.0,1135000000,0.0,2390000000,3525000000,3525000000,128000000,453000000,2178000000,0.414857142857,1725000000,0.328571428571,80000000,1640000000,0.312380952381,604000000,1036000000,0.197333333333,2.2,2.19,473100000,476500000,https://www.sec.gov/Archives/edgar/data/100885/000119312513045658/0001193125-13-045658-index.htm,https://www.sec.gov/Archives/edgar/data/100885/000119312513045658/d477110d10k.htm
2012-09-30,UNP,2012-10-18,2012-10-18 15:26:21,Q3,5343000000,880000000,4463000000,0.8352985214299082,0.0,1188000000,0.0,2369000000,3557000000,3557000000,137000000,447000000,2233000000,0.417930001872,1786000000,0.334269137189,28000000,1677000000,0.313868613139,635000000,1042000000,0.195021523489,2.21,2.19,474500000,477900000,https://www.sec.gov/Archives/edgar/data/100885/000119312512427139/0001193125-12-427139-index.htm,https://www.sec.gov/Archives/edgar/data/100885/000119312512427139/d425214d10q.htm
2012-06-30,UNP,2012-07-20,2012-07-20 14:53:40,Q2,5221000000,882000000,4339000000,0.8310668454319096,0.0,1151000000,0.0,2346000000,3497000000,3497000000,135000000,433000000,2157000000,0.413139245355,1724000000,0.330204941582,21000000,1610000000,0.308370044053,608000000,1002000000,0.19191725723,2.11,2.1,475800000,479300000,https://www.sec.gov/Archives/edgar/data/100885/000119312512308749/0001193125-12-308749-index.htm,https://www.sec.gov/Archives/edgar/data/100885/000119312512308749/d380661d10q.htm
2012-03-31,UNP,2012-04-19,2012-04-19 16:05:48,Q1,5112000000,926000000,4186000000,0.8188575899843505,0.0,1211000000,0.0,2391000000,3602000000,3602000000,135000000,427000000,1937000000,0.378912363067,1510000000,0.295383411581,16000000,1391000000,0.27210485133,528000000,863000000,0.168818466354,1.81,1.79,477800000,481400000,https://www.sec.gov/Archives/edgar/data/100885/000119312512170664/0001193125-12-170664-index.htm,https://www.sec.gov/Archives/edgar/data/100885/000119312512170664/d335476d10q.htm
2011-12-31,UNP,2012-02-03,2012-02-03 14:41:53,FY,5108000000,2665000000,2443000000,0.4782693813625685,0.0,1155000000,0.0,2336000000,3491000000,3491000000,141000000,413000000,2030000000,0.397415818324,1617000000,0.316562255286,95000000,1530000000,0.299530148786,566000000,964000000,0.188723570869,2.0,1.98,485700000,489800000,https://www.sec.gov/Archives/edgar/data/100885/000119312512038569/0001193125-12-038569-index.htm,https://www.sec.gov/Archives/edgar/data/100885/000119312512038569/d288752d10k.htm
2011-09-30,UNP,2011-10-21,2011-10-21 12:20:53,Q3,5101000000,916000000,4185000000,0.8204273671829053,0.0,1193000000,0.0,2330000000,3523000000,3523000000,142000000,408000000,1986000000,0.389335424427,1578000000,0.309351107626,17000000,1453000000,0.284846108606,549000000,904000000,0.177220152911,1.87,1.85,487400000,491500000,https://www.sec.gov/Archives/edgar/data/100885/000119312511277040/0001193125-11-277040-index.htm,https://www.sec.gov/Archives/edgar/data/100885/000119312511277040/d244278d10q.htm
2011-06-30,UNP,2011-07-22,2011-07-22 15:02:03,Q2,4858000000,904000000,3954000000,0.8139151914368052,0.0,1166000000,0.0,2300000000,3466000000,3466000000,148000000,401000000,1793000000,0.369081926719,1392000000,0.286537669823,26000000,1270000000,0.261424454508,485000000,785000000,0.16158913133,1.6,1.6,489000000,493300000,https://www.sec.gov/Archives/edgar/data/100885/000119312511194677/0001193125-11-194677-index.htm,https://www.sec.gov/Archives/edgar/data/100885/000119312511194677/d10q.htm
2011-03-31,UNP,2011-04-21,2011-04-21 12:57:23,Q1,4490000000,826000000,3664000000,0.8160356347438753,0.0,1167000000,0.0,2186000000,3353000000,3353000000,141000000,395000000,1532000000,0.341202672606,1137000000,0.253229398664,15000000,1011000000,0.225167037862,372000000,639000000,0.142316258352,1.31,1.29,489600000,494100000,https://www.sec.gov/Archives/edgar/data/100885/000119312511104887/0001193125-11-104887-index.htm,https://www.sec.gov/Archives/edgar/data/100885/000119312511104887/d10q.htm
2010-12-31,UNP,2011-02-04,2011-02-04 17:03:17,FY,4410000000,1878000000,2532000000,0.5741496598639456,0.0,1112000000,0.0,1985000000,3097000000,3097000000,142000000,380000000,1693000000,0.383900226757,1313000000,0.297732426304,29000000,1180000000,0.267573696145,405000000,775000000,0.175736961451,1.57,1.55,498200000,502900000,https://www.sec.gov/Archives/edgar/data/100885/000119312511024531/0001193125-11-024531-index.htm,https://www.sec.gov/Archives/edgar/data/100885/000119312511024531/d10k.htm
2010-09-30,UNP,2010-10-22,2010-10-22 16:39:20,Q3,12555000000,608000000,11947000000,0.9515730784547989,0.0,3202000000,0.0,5685000000,8887000000,8887000000,460000000,1107000000,4775000000,0.380326563122,3668000000,0.292154520112,25000000,3253000000,0.259099960175,1248000000,2005000000,0.15969733174,4.01,3.98,499800000,504300000,https://www.sec.gov/Archives/edgar/data/100885/000119312510234647/0001193125-10-234647-index.htm,https://www.sec.gov/Archives/edgar/data/100885/000119312510234647/d10q.htm
2010-06-30,UNP,2010-07-23,2010-07-23 15:31:50,Q2,4182000000,608000000,3574000000,0.8546150167384027,0.0,-1059000000,0.0,2903000000,2903000000,3511000000,-155000000,735000000,2014000000,0.249180327869,1279000000,0.249180327869,19000000,1146000000,0.210340479193,-318000000,711000000,0.130138713745,-1.02,-1.01,504000000,504000000,https://www.sec.gov/Archives/edgar/data/100885/000119312510164978/0001193125-10-164978-index.htm,https://www.sec.gov/Archives/edgar/data/100885/000119312510164978/d10q.htm
2010-03-31,UNP,2010-04-23,2010-04-23 16:20:46,Q1,3965000000,583000000,3382000000,0.8529634300126103,0.0,1059000000,0.0,1918000000,2977000000,2977000000,155000000,367000000,988000000,0.249180327869,988000000,0.249180327869,1000000.0,834000000,0.210340479193,318000000,516000000,0.130138713745,1.02,1.01,504500000,508700000,https://www.sec.gov/Archives/edgar/data/100885/000119312510091753/0001193125-10-091753-index.htm,https://www.sec.gov/Archives/edgar/data/100885/000119312510091753/d10q.htm
2009-12-31,UNP,2010-02-05,2010-02-05 15:30:53,FY,10472000000,1297000000,9175000000,0.8761459129106188,0.0,0.0,0.0,8047000000,8047000000,9344000000,444000000,377000000,2802000000,0.26757066462948814,2425000000,0.23156990068754774,181000000,2162000000,0.20645530939648588,0.0,1381000000,0.13187547746371275,3.77,3.75,503000000,503000000,https://www.sec.gov/Archives/edgar/data/100885/000119312510023294/0001193125-10-023294-index.htm,https://www.sec.gov/Archives/edgar/data/100885/000119312510023294/d10k.htm
2009-09-30,UNP,2009-10-22,2009-10-22 17:17:14,Q1,3671000000,466000000,3205000000,0.8730591119585944,0.0,0.0,0.0,2704000000,2704000000,3170000000,156000000,1067000000,2034000000,0.5540724598202125,967000000,0.2634159629528739,14000000,825000000,0.22473440479433396,0.0,517000000,0.14083356033778263,1.03,1.02,503000000,503000000,https://www.sec.gov/Archives/edgar/data/100885/000119312509212075/0001193125-09-212075-index.htm,https://www.sec.gov/Archives/edgar/data/100885/000119312509212075/d10q.htm
2009-06-30,UNP,2009-07-24,2009-07-24 16:07:12,Q1,3303000000,370000000,2933000000,0.8879806236754466,0.0,0.0,0.0,2552000000,2552000000,2922000000,150000000,700000000,1451000000,0.4392976082349379,751000000,0.22736905843172872,135000000,736000000,0.2228277323645171,0.0,468000000,0.14168937329700274,0.93,0.92,502000000,502000000,https://www.sec.gov/Archives/edgar/data/100885/000119312509154939/0001193125-09-154939-index.htm,https://www.sec.gov/Archives/edgar/data/100885/000119312509154939/d10q.htm
2009-03-31,UNP,2009-04-24,2009-04-24 15:49:03,Q1,3415000000,386000000,3029000000,0.8869692532942899,0.0,0.0,0.0,2743000000,2743000000,3129000000,141000000,345000000,1017000000,0.2978038067349927,672000000,0.19677891654465593,23000000,554000000,0.16222547584187408,0.0,362000000,0.10600292825768667,0.72,0.72,502000000,502000000,https://www.sec.gov/Archives/edgar/data/100885/000119312509086959/0001193125-09-086959-index.htm,https://www.sec.gov/Archives/edgar/data/100885/000119312509086959/d10q.htm
2008-12-31,UNP,2009-02-06,2009-02-06 17:01:08,FY,13124000000,2848000000,10276000000,0.7829929899420909,0.0,0.0,0.0,10264000000,10264000000,13112000000,381000000,353000000,3213000000,0.24481865284974094,2860000000,0.21792136543736665,69000000,2548000000,0.19414812557147212,0.0,1635000000,0.12458092045108199,4.58,4.54,510000000,510000000,https://www.sec.gov/Archives/edgar/data/100885/000119312509021370/0001193125-09-021370-index.htm,https://www.sec.gov/Archives/edgar/data/100885/000119312509021370/d10k.htm
2008-09-30,UNP,2008-10-23,2008-10-23 17:21:53,Q1,4846000000,1135000000,3711000000,0.7657862154354107,0.0,0.0,0.0,3631000000,3631000000,4766000000,130000000,1034000000,2249000000,0.4640940982253405,1215000000,0.2507222451506397,23000000,1108000000,0.22864217911679735,0.0,703000000,0.14506809739991747,1.39,1.38,506000000,506000000,https://www.sec.gov/Archives/edgar/data/100885/000119312508215351/0001193125-08-215351-index.htm,https://www.sec.gov/Archives/edgar/data/100885/000119312508215351/d10q.htm
2008-06-30,UNP,2008-07-24,2008-07-24 17:11:10,Q1,4568000000,1159000000,3409000000,0.7462784588441331,0.0,0.0,0.0,3637000000,3637000000,4796000000,128000000,686000000,1617000000,0.353984238178634,931000000,0.2038091068301226,19000000,822000000,0.17994746059544658,0.0,531000000,0.11624343257443083,1.03,1.02,514000000,514000000,https://www.sec.gov/Archives/edgar/data/100885/000119312508157334/0001193125-08-157334-index.htm,https://www.sec.gov/Archives/edgar/data/100885/000119312508157334/d10q.htm
2008-03-31,UNP,2008-04-24,2008-04-24 16:17:13,Q1,4270000000,957000000,3313000000,0.7758782201405152,0.0,0.0,0.0,3482000000,3482000000,4439000000,126000000,340000000,1128000000,0.2641686182669789,788000000,0.1845433255269321,25000000,687000000,0.16088992974238875,0.0,443000000,0.10374707259953161,1.71,1.7,259000000,259000000,https://www.sec.gov/Archives/edgar/data/100885/000119312508089367/0001193125-08-089367-index.htm,https://www.sec.gov/Archives/edgar/data/100885/000119312508089367/d10q.htm
2007-12-31,UNP,2008-02-28,2008-02-28 15:54:38,FY,12092000000,2362000000,9730000000,0.8046642408203771,0.0,0.0,0.0,9722000000,9722000000,12084000000,358000000,337000000,2707000000,0.22386701951703605,2370000000,0.1959973536222296,91000000,2103000000,0.17391663910023156,0.0,1323000000,0.10941118094608006,6.97,6.97,265000000,265000000,https://www.sec.gov/Archives/edgar/data/100885/000119312508041700/0001193125-08-041700-index.htm,https://www.sec.gov/Archives/edgar/data/100885/000119312508041700/d10k.htm
2007-09-30,UNP,2007-10-24,2007-10-24 11:21:14,Q1,4191000000,802000000,3389000000,0.8086375566690527,0.0,0.0,0.0,3186000000,3186000000,3988000000,124000000,984000000,1989000000,0.47458840372226196,1005000000,0.23979957050823192,25000000,906000000,0.21617752326413744,0.0,532000000,0.1269386781197805,2.02,2.02,263000000,263000000,https://www.sec.gov/Archives/edgar/data/100885/000119312507224451/0001193125-07-224451-index.htm,https://www.sec.gov/Archives/edgar/data/100885/000119312507224451/d10q.htm
2007-06-30,UNP,2007-07-26,2007-07-26 15:15:25,Q1,4046000000,766000000,3280000000,0.8106772120612951,0.0,0.0,0.0,3259000000,3259000000,4025000000,120000000,652000000,1439000000,0.3556599110232328,787000000,0.19451309935739,36000000,703000000,0.17375185368264953,0.0,446000000,0.11023232822540781,1.66,1.65,268000000,268000000,https://www.sec.gov/Archives/edgar/data/100885/000119312507162908/0001193125-07-162908-index.htm,https://www.sec.gov/Archives/edgar/data/100885/000119312507162908/d10q.htm
2007-03-31,UNP,2007-04-26,2007-04-26 16:28:40,Q1,3849000000,683000000,3166000000,0.8225513120290985,0.0,0.0,0.0,3130000000,3130000000,3813000000,113000000,325000000,1044000000,0.2712392829306313,719000000,0.18680176669264745,15000000,621000000,0.16134060795011693,0.0,386000000,0.10028578851649779,1.43,1.41,270000000,270000000,https://www.sec.gov/Archives/edgar/data/100885/000119312507091856/0001193125-07-091856-index.htm,https://www.sec.gov/Archives/edgar/data/100885/000119312507091856/d10q.htm
2006-12-31,UNP,2007-02-23,2007-02-23 16:32:32,FY,11595000000,2191000000,9404000000,0.8110392410521776,0.0,0.0,0.0,9463000000,9463000000,11654000000,358000000,315000000,2447000000,0.21103924105217767,2132000000,0.1838723587753342,96000000,1870000000,0.16127641224665804,0.0,1186000000,0.10228546787408366,5.96,5.91,269000000,269000000,https://www.sec.gov/Archives/edgar/data/100885/000119312507038387/0001193125-07-038387-index.htm,https://www.sec.gov/Archives/edgar/data/100885/000119312507038387/d10k.htm
2006-09-30,UNP,2006-11-01,2006-11-01 17:22:24,Q1,3983000000,821000000,3162000000,0.793873964348481,0.0,0.0,0.0,3231000000,3231000000,4052000000,119000000,922000000,1674000000,0.4202862164197841,752000000,0.18880241024353503,22000000,655000000,0.1644489078583982,0.0,420000000,0.1054481546572935,1.56,1.54,269000000,269000000,https://www.sec.gov/Archives/edgar/data/100885/000119312506220778/0001193125-06-220778-index.htm,https://www.sec.gov/Archives/edgar/data/100885/000119312506220778/d10q.htm
2006-06-30,UNP,2006-08-04,2006-08-04 10:28:25,Q1,3923000000,794000000,3129000000,0.7976038745857762,0.0,0.0,0.0,3206000000,3206000000,4000000000,120000000,611000000,1328000000,0.3385164414988529,717000000,0.18276828957430538,29000000,626000000,0.15957175630894724,0.0,390000000,0.09941371399439204,1.45,1.44,269000000,269000000,https://www.sec.gov/Archives/edgar/data/100885/000119312506161893/0001193125-06-161893-index.htm,https://www.sec.gov/Archives/edgar/data/100885/000119312506161893/d10q.htm
2006-03-31,UNP,2006-05-05,2006-05-05 11:34:53,Q1,3710000000,692000000,3018000000,0.813477088948787,0.0,0.0,0.0,3105000000,3105000000,3797000000,120000000,303000000,908000000,0.24474393530997304,605000000,0.16307277628032346,10000000,495000000,0.1334231805929919,0.0,311000000,0.08382749326145553,1.16,1.15,268000000,268000000,https://www.sec.gov/Archives/edgar/data/100885/000119312506101563/0001193125-06-101563-index.htm,https://www.sec.gov/Archives/edgar/data/100885/000119312506101563/d10q.htm
2005-12-31,UNP,2006-02-24,2006-02-24 11:25:01,FY,10117000000,1889000000,8228000000,0.8132845705248591,0.0,0.0,0.0,8803000000,8803000000,10692000000,380000000,300000000,1614000000,0.15953345853513887,1314000000,0.129880399327864,103000000,1037000000,0.10250074132648018,0.0,657000000,0.064940199663932,3.9011406844106467,3.9011406844106467,263000000,263000000,https://www.sec.gov/Archives/edgar/data/100885/000119312506038383/0001193125-06-038383-index.htm,https://www.sec.gov/Archives/edgar/data/100885/000119312506038383/d10k.htm
2005-09-30,UNP,2005-11-04,2005-11-04 09:16:09,Q1,3461000000,673000000,2788000000,0.805547529615718,0.0,0.0,0.0,2980000000,2980000000,3653000000,124000000,875000000,1356000000,0.3917942791100838,481000000,0.13897717422710198,42000000,399000000,0.1152845998266397,0.0,369000000,0.10661658480208032,1.4,1.38,264000000,264000000,https://www.sec.gov/Archives/edgar/data/100885/000119312505216415/0001193125-05-216415-index.htm,https://www.sec.gov/Archives/edgar/data/100885/000119312505216415/d10q.htm
2005-06-30,UNP,2005-08-05,2005-08-05 15:54:17,Q1,3344000000,597000000,2747000000,0.8214712918660287,0.0,0.0,0.0,2876000000,2876000000,3473000000,128000000,581000000,1049000000,0.3136961722488038,468000000,0.13995215311004786,29000000,369000000,0.11034688995215311,0.0,233000000,0.06967703349282296,0.89,0.88,262000000,262000000,https://www.sec.gov/Archives/edgar/data/100885/000119312505159072/0001193125-05-159072-index.htm,https://www.sec.gov/Archives/edgar/data/100885/000119312505159072/d10q.htm
2005-03-31,UNP,2005-05-06,2005-05-06 11:21:38,Q1,3152000000,539000000,2613000000,0.828997461928934,0.0,0.0,0.0,2839000000,2839000000,3378000000,132000000,289000000,602000000,0.19098984771573604,313000000,0.09930203045685279,20000000,201000000,0.06376903553299493,0.0,128000000,0.04060913705583756,0.49,0.48,261000000,261000000,https://www.sec.gov/Archives/edgar/data/100885/000119312505098719/0001193125-05-098719-index.htm,https://www.sec.gov/Archives/edgar/data/100885/000119312505098719/d10q.htm
2004-12-31,UNP,2005-02-25,2005-02-25 17:05:12,FY,9139000000,1357000000,7782000000,0.8515154830944305,0.0,0.0,0.0,8262000000,8262000000,9619000000,395000000,282000000,1159000000,0.12681912681912683,877000000,0.09596235912025386,58000000,540000000,0.05908742750848014,0.0,402000000,0.04398730714520188,2.332046332046332,2.332046332046332,259000000,259000000,https://www.sec.gov/Archives/edgar/data/100885/000119312505037425/0001193125-05-037425-index.htm,https://www.sec.gov/Archives/edgar/data/100885/000119312505037425/d10k.htm
2004-09-30,UNP,2004-11-08,2004-11-08 13:14:53,Q1,3076000000,459000000,2617000000,0.8507802340702211,0.0,0.0,0.0,2658000000,2658000000,3117000000,132000000,829000000,1247000000,0.40539661898569573,418000000,0.13589076723016905,30000000,316000000,0.10273081924577374,0.0,202000000,0.06566970091027308,0.7799227799227799,0.7799227799227799,259000000,259000000,https://www.sec.gov/Archives/edgar/data/100885/000119312504189091/0001193125-04-189091-index.htm,https://www.sec.gov/Archives/edgar/data/100885/000119312504189091/d10q.htm
2004-06-30,UNP,2004-08-06,2004-08-06 13:04:20,Q1,3029000000,435000000,2594000000,0.8563882469461869,0.0,0.0,0.0,2670000000,2670000000,3105000000,130000000,551000000,910000000,0.30042918454935624,359000000,0.11852096401452625,8000000.0,237000000,0.07824364476724992,0.0,158000000,0.052162429844833276,0.6124031007751938,0.6124031007751938,258000000,258000000,https://www.sec.gov/Archives/edgar/data/100885/000119312504134035/0001193125-04-134035-index.htm,https://www.sec.gov/Archives/edgar/data/100885/000119312504134035/d10q.htm
2004-03-31,UNP,2004-05-07,2004-05-07 10:23:46,Q1,2893000000,389000000,2504000000,0.8655375043207743,0.0,0.0,0.0,2579000000,2579000000,2968000000,135000000,274000000,588000000,0.2032492222606291,314000000,0.1085378499827169,28000000,207000000,0.07155202212236433,0.0,165000000,0.057034220532319393,0.6395348837209301,0.6395348837209301,258000000,258000000,https://www.sec.gov/Archives/edgar/data/100885/000119312504081510/0001193125-04-081510-index.htm,https://www.sec.gov/Archives/edgar/data/100885/000119312504081510/d10q.htm
2003-12-31,UNP,2004-02-18,2004-02-18 12:07:02,FY,8595000000,1011000000,7584000000,0.8823734729493892,0.0,0.0,0.0,7054000000,7054000000,8065000000,434000000,272000000,1813000000,0.21093659104130308,1541000000,0.17929028504944736,63000000,1170000000,0.13612565445026178,238000000,1268000000,0.14752763234438626,6.240157480314961,6.240157480314961,254000000,254000000,https://www.sec.gov/Archives/edgar/data/100885/000119312504025678/0001193125-04-025678-index.htm,https://www.sec.gov/Archives/edgar/data/100885/000119312504025678/d10k.htm
2003-09-30,UNP,2003-11-13,2003-11-13 10:35:07,Q1,2956000000,330000000,2626000000,0.8883626522327469,0.0,0.0,0.0,2364000000,2364000000,2694000000,140000000,795000000,1387000000,0.4692151556156969,592000000,0.20027063599458728,15000000,467000000,0.15798376184032475,17000000,317000000,0.10723951285520975,1.2480314960629921,1.2480314960629921,254000000,254000000,https://www.sec.gov/Archives/edgar/data/100885/000095013403015153/0000950134-03-015153-index.htm,https://www.sec.gov/Archives/edgar/data/100885/000095013403015153/d10472e10vq.htm
2003-06-30,UNP,2003-08-14,2003-08-14 10:53:50,Q1,3266000000,344000000,2922000000,0.8946723821187997,0.0,0.0,0.0,2661000000,2661000000,3005000000,150000000,556000000,1161000000,0.3554807103490508,605000000,0.18524188609920392,5000000.0,460000000,0.14084507042253522,0.0,288000000,0.08818126148193509,1.13,1.1,253000000,253000000,https://www.sec.gov/Archives/edgar/data/100885/000095013403011750/0000950134-03-011750-index.htm,https://www.sec.gov/Archives/edgar/data/100885/000095013403011750/d08251e10vq.htm
