date,symbol,fillingDate,acceptedDate,period,revenue,costOfRevenue,grossProfit,grossProfitRatio,researchAndDevelopmentExpenses,generalAndAdministrativeExpenses,sellingAndMarketingExpenses,otherExpenses,operatingExpenses,costAndExpenses,interestExpense,depreciationAndAmortization,ebitda,ebitdaratio,operatingIncome,operatingIncomeRatio,totalOtherIncomeExpensesNet,incomeBeforeTax,incomeBeforeTaxRatio,incomeTaxExpense,netIncome,netIncomeRatio,eps,epsdiluted,weightedAverageShsOut,weightedAverageShsOutDil,link,finalLink
2020-03-31,UPS,2020-05-08,2020-05-08 16:30:00,Q1,18035000000,563000000,17472000000,0.9687829220959245,0.0,10086000000,0.0,1974000000,12060000000,16963000000,167000000,648000000,1720000000,0.0953701136679,1072000000,0.0594399778209,178000000,1250000000,0.0693096756307,285000000,965000000,0.0535070695869,1.12,1.11,864000000,869000000,https://www.sec.gov/Archives/edgar/data/1090727/000109072720000023/0001090727-20-000023-index.htm,https://www.sec.gov/Archives/edgar/data/1090727/000109072720000023/ups-20200331.htm
2019-12-31,UPS,2020-02-20,2020-02-20 17:05:25,FY,20568000000,446000000,20122000000,0.9783158304161804,0.0,10702000000,0.0,2179000000,12881000000,18435000000,166000000,630000000,2763000000,0.134334889148,2133000000,0.103704784131,-2331000000,-1878000000,-0.0913068844807,-92000000,-106000000,-0.00515363671723,-0.12,-0.12,864000000,869000000,https://www.sec.gov/Archives/edgar/data/1090727/000109072720000005/0001090727-20-000005-index.htm,https://www.sec.gov/Archives/edgar/data/1090727/000109072720000005/ups-12312019x10k.htm
2019-09-30,UPS,2019-10-29,2019-10-29 17:11:22,Q3,18318000000,485000000,17833000000,0.973523310405066,0.0,9590000000,0.0,1720000000,11310000000,16190000000,159000000,587000000,2715000000,0.148214870619,2128000000,0.116169887542,78000000,2206000000,0.120427994323,456000000,1750000000,0.095534446992,2.03,2.01,865000000,869000000,https://www.sec.gov/Archives/edgar/data/1090727/000109072719000060/0001090727-19-000060-index.htm,https://www.sec.gov/Archives/edgar/data/1090727/000109072719000060/ups-09302019x10q.htm
2019-06-30,UPS,2019-07-30,2019-07-30 17:06:02,Q2,18048000000,907000000,17141000000,0.9497451241134752,0.0,9299000000,0.0,1701000000,11000000000,15905000000,159000000,575000000,2718000000,0.150598404255,2143000000,0.11873891844,61000000,2204000000,0.122118794326,519000000,1685000000,0.0933621453901,1.95,1.94,866000000,869000000,https://www.sec.gov/Archives/edgar/data/1090727/000109072719000045/0001090727-19-000045-index.htm,https://www.sec.gov/Archives/edgar/data/1090727/000109072719000045/ups-06302019x10q.htm
2019-03-31,UPS,2019-04-30,2019-04-30 17:00:24,Q1,17160000000,770000000,17160000000,1.0,0.0,9317000000,0.0,1711000000,11028000000,15766000000,169000000,568000000,1962000000,0.114335664336,1394000000,0.0812354312354,46000000,1440000000,0.08391608391608392,329000000,1111000000,0.0647435897436,1.28,1.28,866000000,869000000,https://www.sec.gov/Archives/edgar/data/1090727/000109072719000011/0001090727-19-000011-index.htm,https://www.sec.gov/Archives/edgar/data/1090727/000109072719000011/ups-03312019x10q.htm
2018-12-31,UPS,2019-02-21,2019-02-21 17:02:11,FY,19848000000,1732000000,18116000000,0.9127367996775494,0.0,10151000000,0.0,1913000000,12064000000,17844000000,148000000,545000000,2549000000,0.128426037888,2004000000,0.100967351874,-1461000000,543000000,0.0273579201935,90000000,453000000,0.022823458283,0.52,0.52,866000000,870000000,https://www.sec.gov/Archives/edgar/data/1090727/000109072719000006/0001090727-19-000006-index.htm,https://www.sec.gov/Archives/edgar/data/1090727/000109072719000006/ups-12312018x10k.htm
2018-09-30,UPS,2018-10-30,2018-10-30 17:04:31,Q3,17444000000,271000000,17444000000,1.0,0.0,9015000000,0.0,1658000000,10673000000,15717000000,155000000,524000000,2251000000,0.129041504242,1727000000,0.0990025223573,162000000,1889000000,0.108289383169,381000000,1508000000,0.086448062371,1.74,1.74,866000000,870000000,https://www.sec.gov/Archives/edgar/data/1090727/000109072718000039/0001090727-18-000039-index.htm,https://www.sec.gov/Archives/edgar/data/1090727/000109072718000039/ups-09302018x10q.htm
2018-06-30,UPS,2018-08-02,2018-08-02 17:29:52,Q2,17456000000,852000000,17456000000,1.0,0.0,9024000000,0.0,1633000000,10657000000,15683000000,149000000,542000000,2315000000,0.132619156737,1773000000,0.101569660862,153000000,1926000000,0.110334555454,441000000,1485000000,0.085071035747,1.72,1.7,866000000,870000000,https://www.sec.gov/Archives/edgar/data/1090727/000109072718000032/0001090727-18-000032-index.htm,https://www.sec.gov/Archives/edgar/data/1090727/000109072718000032/ups-06302018x10q.htm
2018-03-31,UPS,2018-05-03,2018-05-03 16:35:22,Q1,17113000000,750000000,17113000000,1.0,0.0,9045000000,0.0,1623000000,10668000000,15593000000,153000000,596000000,2116000000,0.123648688132,1520000000,0.0888213638754,141000000,1661000000,0.097060714077,316000000,1345000000,0.0785952200082,1.55,1.55,866000000,870000000,https://www.sec.gov/Archives/edgar/data/1090727/000109072718000020/0001090727-18-000020-index.htm,https://www.sec.gov/Archives/edgar/data/1090727/000109072718000020/ups-03312018x10q.htm
2017-12-31,UPS,2018-02-21,2018-02-21 17:23:42,FY,18829000000,817000000,18829000000,1.0,0.0,10131000000,0.0,1845000000,11976000000,17335000000,129000000,594000000,2088000000,0.110892771788,1494000000,0.0793456901588,-106000000,1388000000,0.0737160762653,284000000,1104000000,0.0586329597961,1.28,1.27,871000000,875000000,https://www.sec.gov/Archives/edgar/data/1090727/000109072718000009/0001090727-18-000009-index.htm,https://www.sec.gov/Archives/edgar/data/1090727/000109072718000009/ups-12312017x10k.htm
2017-09-30,UPS,2017-11-02,2017-11-02 11:00:18,Q3,15978000000,636000000,15978000000,1.0,0.0,8221000000,0.0,1464000000,9685000000,13943000000,111000000,572000000,2607000000,0.16316184754,2035000000,0.127362623607,-91000000,1944000000,0.121667292527,680000000,1264000000,0.079108774565,1.45,1.44,872000000,876000000,https://www.sec.gov/Archives/edgar/data/1090727/000109072717000035/0001090727-17-000035-index.htm,https://www.sec.gov/Archives/edgar/data/1090727/000109072717000035/ups-09302017x10q.htm
2017-06-30,UPS,2017-08-03,2017-08-03 11:51:50,Q2,15750000000,616000000,15750000000,1.0,0.0,8105000000,0.0,1416000000,9521000000,13534000000,111000000,562000000,2778000000,0.176380952381,2216000000,0.140698412698,-97000000,2119000000,0.13453968254,735000000,1384000000,0.087873015873,1.59,1.58,873000000,877000000,https://www.sec.gov/Archives/edgar/data/1090727/000109072717000029/0001090727-17-000029-index.htm,https://www.sec.gov/Archives/edgar/data/1090727/000109072717000029/ups-06302017x10q.htm
2017-03-31,UPS,2017-05-04,2017-05-04 10:41:35,Q1,15315000000,621000000,15315000000,1.0,0.0,8131000000,0.0,1469000000,9600000000,13531000000,102000000,554000000,2338000000,0.152660790075,1784000000,0.116487104146,-87000000,1697000000,0.110806398955,539000000,1158000000,0.0756121449559,1.32,1.32,874000000,879000000,https://www.sec.gov/Archives/edgar/data/1090727/000109072717000020/0001090727-17-000020-index.htm,https://www.sec.gov/Archives/edgar/data/1090727/000109072717000020/ups-03312017x10q.htm
2016-12-31,UPS,2017-02-21,2017-02-21 06:47:45,FY,16931000000,638000000,16931000000,1.0,0.0,11322000000,0.0,1625000000,12947000000,17359000000,100000000,563000000,135000000,0.00797353966098,-428000000,-0.0252790738881,-88000000,-516000000,-0.030476640482,-277000000,-239000000,-0.0141161183628,-0.26,-0.26,883000000,887000000,https://www.sec.gov/Archives/edgar/data/1090727/000109072717000011/0001090727-17-000011-index.htm,https://www.sec.gov/Archives/edgar/data/1090727/000109072717000011/ups-12312016x10k.htm
2016-09-30,UPS,2016-11-03,2016-11-03 17:09:53,Q3,14928000000,541000000,14928000000,1.0,0.0,7857000000,0.0,1344000000,9201000000,12894000000,94000000,554000000,2588000000,0.173365487674,2034000000,0.136254019293,-81000000,1953000000,0.130827974277,683000000,1270000000,0.0850750267953,1.44,1.44,885000000,889000000,https://www.sec.gov/Archives/edgar/data/1090727/000109072716000086/0001090727-16-000086-index.htm,https://www.sec.gov/Archives/edgar/data/1090727/000109072716000086/ups-9302016x10q.htm
2016-06-30,UPS,2016-08-05,2016-08-05 09:27:01,Q2,14629000000,505000000,14629000000,1.0,0.0,7738000000,0.0,1340000000,9078000000,12591000000,94000000,555000000,2593000000,0.177250666484,2038000000,0.139312324834,-86000000,1952000000,0.133433590813,683000000,1269000000,0.0867455055028,1.44,1.42,887000000,892000000,https://www.sec.gov/Archives/edgar/data/1090727/000109072716000074/0001090727-16-000074-index.htm,https://www.sec.gov/Archives/edgar/data/1090727/000109072716000074/ups-6302016x10q.htm
2016-03-31,UPS,2016-05-10,2016-05-10 12:19:11,Q1,14418000000,434000000,14418000000,1.0,0.0,7853000000,0.0,1351000000,9204000000,12595000000,93000000,552000000,2375000000,0.164724649743,1823000000,0.126439173256,-76000000,1747000000,0.121167984464,616000000,1131000000,0.0784436121515,1.27,1.27,889000000,894000000,https://www.sec.gov/Archives/edgar/data/1090727/000109072716000063/0001090727-16-000063-index.htm,https://www.sec.gov/Archives/edgar/data/1090727/000109072716000063/ups-3312016x10q.htm
2015-12-31,UPS,2016-02-25,2016-02-24 17:39:52,FY,16054000000,582000000,16054000000,1.0,0.0,8504000000,0.0,1559000000,10063000000,14003000000,85000000,541000000,2592000000,0.161455089074,2051000000,0.127756322412,-82000000,1969000000,0.122648561106,638000000,1331000000,0.0829076865579,1.48,1.48,901000000,906000000,https://www.sec.gov/Archives/edgar/data/1090727/000109072716000053/0001090727-16-000053-index.htm,https://www.sec.gov/Archives/edgar/data/1090727/000109072716000053/ups-12312015x10k.htm
2015-09-30,UPS,2015-11-05,2015-11-05 16:45:40,Q3,14237000000,617000000,14237000000,1.0,0.0,7458000000,0.0,1363000000,8821000000,12253000000,83000000,527000000,2511000000,0.176371426565,1984000000,0.139355201236,-79000000,1905000000,0.133806279413,648000000,1257000000,0.0882910725574,1.4,1.39,901000000,908000000,https://www.sec.gov/Archives/edgar/data/1090727/000109072715000043/0001090727-15-000043-index.htm,https://www.sec.gov/Archives/edgar/data/1090727/000109072715000043/ups-9302015x10q.htm
2015-06-30,UPS,2015-08-07,2015-08-07 16:17:56,Q2,14095000000,639000000,14095000000,1.0,0.0,7502000000,0.0,1350000000,8852000000,12135000000,86000000,510000000,2470000000,0.175239446612,1960000000,0.13905640298,-82000000,1878000000,0.133238737141,648000000,1230000000,0.0872649875842,1.37,1.36,903000000,911000000,https://www.sec.gov/Archives/edgar/data/1090727/000109072715000035/0001090727-15-000035-index.htm,https://www.sec.gov/Archives/edgar/data/1090727/000109072715000035/ups-6302015x10q.htm
2015-03-31,UPS,2015-05-07,2015-05-07 16:48:48,Q1,13977000000,644000000,13977000000,1.0,0.0,7564000000,0.0,1386000000,8950000000,12304000000,87000000,506000000,2179000000,0.155898976891,1673000000,0.119696644487,-83000000,1590000000,0.113758317235,564000000,1026000000,0.073406310367,1.13,1.12,906000000,913000000,https://www.sec.gov/Archives/edgar/data/1090727/000109072715000019/0001090727-15-000019-index.htm,https://www.sec.gov/Archives/edgar/data/1090727/000109072715000019/ups-3312015x10q.htm
2014-12-31,UPS,2015-02-27,2015-02-27 16:52:14,FY,15895000000,953000000,15895000000,1.0,0.0,9188000000,0.0,1628000000,10816000000,15141000000,87000000,497000000,1251000000,0.078703994967,754000000,0.0474363007235,-92000000,662000000,0.0416483170808,209000000,453000000,0.0284995281535,0.5,0.5,916000000,924000000,https://www.sec.gov/Archives/edgar/data/1090727/000109072715000008/0001090727-15-000008-index.htm,https://www.sec.gov/Archives/edgar/data/1090727/000109072715000008/ups-12312014x10k.htm
2014-09-30,UPS,2014-11-06,2014-11-06 16:34:56,Q3,14290000000,978000000,14290000000,1.0,0.0,7217000000,0.0,1266000000,8483000000,12336000000,87000000,485000000,2439000000,0.170678796361,1954000000,0.136738978307,-85000000,1869000000,0.130790762771,655000000,1214000000,0.0849545136459,1.33,1.31,918000000,927000000,https://www.sec.gov/Archives/edgar/data/1090727/000109072714000036/0001090727-14-000036-index.htm,https://www.sec.gov/Archives/edgar/data/1090727/000109072714000036/ups-9302014x10q.htm
2014-06-30,UPS,2014-08-06,2014-08-06 17:14:09,Q2,14268000000,980000000,14268000000,1.0,0.0,8375000000,0.0,1364000000,9739000000,13521000000,89000000,473000000,1220000000,0.0855060274741,747000000,0.0523549201009,-64000000,683000000,0.0478693580039,229000000,454000000,0.0318194561256,0.49,0.49,920000000,929000000,https://www.sec.gov/Archives/edgar/data/1090727/000109072714000028/0001090727-14-000028-index.htm,https://www.sec.gov/Archives/edgar/data/1090727/000109072714000028/ups-6302014x10q.htm
2014-03-31,UPS,2014-05-08,2014-05-08 14:20:38,Q1,13779000000,972000000,13779000000,1.0,0.0,7265000000,0.0,1324000000,8589000000,12266000000,90000000,468000000,1981000000,0.143769504318,1513000000,0.109804775383,-90000000,1423000000,0.1032730967414181,512000000,911000000,0.0661151026925,0.99,0.98,923000000,931000000,https://www.sec.gov/Archives/edgar/data/1090727/000109072714000017/0001090727-14-000017-index.htm,https://www.sec.gov/Archives/edgar/data/1090727/000109072714000017/ups-3312014x10q.htm
2013-12-31,UPS,2014-02-28,2014-02-28 17:25:08,FY,14976000000,1061000000,14976000000,1.0,0.0,7647000000,0.0,1388000000,9035000000,13068000000,94000000,467000000,2375000000,0.15858707265,1908000000,0.127403846154,-84000000,1190000000,0.0794604700855,657000000,1167000000,0.0779246794872,1.25,1.24,940000000,948000000,https://www.sec.gov/Archives/edgar/data/1090727/000109072714000009/0001090727-14-000009-index.htm,https://www.sec.gov/Archives/edgar/data/1090727/000109072714000009/ups-12312013x10k.htm
2013-09-30,UPS,2013-11-05,2013-11-05 17:12:58,Q3,13521000000,2966000000,13521000000,1.0,0.0,6961000000,0.0,1236000000,8197000000,11717000000,92000000,460000000,2264000000,0.167443236447,1804000000,0.133422084165,-90000000,1714000000,0.126765771762,617000000,1097000000,0.081133052289,1.18,1.16,943000000,952000000,https://www.sec.gov/Archives/edgar/data/1090727/000109072713000033/0001090727-13-000033-index.htm,https://www.sec.gov/Archives/edgar/data/1090727/000109072713000033/ups-9302013x10q.htm
2013-06-30,UPS,2013-08-02,2013-08-02 15:24:49,Q2,13507000000,-1006000000,13507000000,1.0,0.0,6981000000,0.0,1286000000,8267000000,11765000000,98000000,466000000,2208000000,0.163470792922,1742000000,0.128970163619,-95000000,1647000000,0.121936773525,576000000,1071000000,0.0792922188495,1.13,1.13,948000000,956000000,https://www.sec.gov/Archives/edgar/data/1090727/000109072713000028/0001090727-13-000028-index.htm,https://www.sec.gov/Archives/edgar/data/1090727/000109072713000028/ups-6302013x10q.htm
2013-03-31,UPS,2013-05-03,2013-05-03 16:34:13,Q1,13434000000,1006000000,13434000000,1.0,0.0,6968000000,0.0,1317000000,8285000000,11854000000,96000000,474000000,2054000000,0.152895637934,1580000000,0.11761202918,-91000000,1489000000,0.1108381718028882,452000000,1037000000,0.0771921988983,1.09,1.08,952000000,960000000,https://www.sec.gov/Archives/edgar/data/1090727/000109072713000012/0001090727-13-000012-index.htm,https://www.sec.gov/Archives/edgar/data/1090727/000109072713000012/ups-3312013x10q.htm
2012-12-31,UPS,2013-02-28,2013-02-28 11:08:41,FY,14571000000,1082000000,14571000000,1.0,0.0,11943000000,0.0,1374000000,13317000000,17353000000,109000000,476000000,-2306000000,-0.158259556654,-2782000000,-0.190927184133,-103000000,-2885000000,-0.197996019491,-1137000000,-1748000000,-0.119964312676,-1.82,-1.8,960000000,969000000,https://www.sec.gov/Archives/edgar/data/1090727/000109072713000005/0001090727-13-000005-index.htm,https://www.sec.gov/Archives/edgar/data/1090727/000109072713000005/ups-12312012x10k.htm
2012-09-30,UPS,2012-11-02,2012-11-02 16:35:35,Q3,13071000000,969000000,13071000000,1.0,0.0,7577000000,0.0,1246000000,8823000000,12305000000,98000000,464000000,1230000000,0.094101445949,766000000,0.0586030143065,-92000000,674000000,0.0515645321705,205000000,469000000,0.0358809578456,0.49,0.48,962000000,971000000,https://www.sec.gov/Archives/edgar/data/1090727/000109072712000026/0001090727-12-000026-index.htm,https://www.sec.gov/Archives/edgar/data/1090727/000109072712000026/ups-9302012x10q.htm
2012-06-30,UPS,2012-08-03,2012-08-03 16:49:35,Q2,13349000000,1014000000,13349000000,1.0,0.0,6747000000,0.0,1303000000,8050000000,11559000000,92000000,459000000,2249000000,0.168477039479,1790000000,0.134092441381,-86000000,1704000000,0.127650011237,588000000,1116000000,0.0836017679227,1.16,1.15,962000000,972000000,https://www.sec.gov/Archives/edgar/data/1090727/000109072712000015/0001090727-12-000015-index.htm,https://www.sec.gov/Archives/edgar/data/1090727/000109072712000015/ups-6302012x10q.htm
2012-03-31,UPS,2012-05-07,2012-05-07 10:40:55,Q1,13136000000,1025000000,13136000000,1.0,0.0,6835000000,0.0,1229000000,8064000000,11567000000,94000000,459000000,2028000000,0.154384896468,1569000000,0.119442752741,-88000000,1481000000,0.112743605359,511000000,970000000,0.0738428745432,1.01,1.0,962000000,972000000,https://www.sec.gov/Archives/edgar/data/1090727/000109072712000004/0001090727-12-000004-index.htm,https://www.sec.gov/Archives/edgar/data/1090727/000109072712000004/ups-3312012x10q.htm
2011-12-31,UPS,2012-02-27,2012-02-27 14:19:33,FY,14166000000,1066000000,14166000000,1.0,0.0,7590000000,0.0,1366000000,8956000000,12829000000,96000000,451000000,1788000000,0.126217704363,1337000000,0.0943809120429,-88000000,1249000000,0.0881688550049,435000000,814000000,0.0574615276013,0.85,0.84,981000000,991000000,https://www.sec.gov/Archives/edgar/data/1090727/000119312512081067/0001193125-12-081067-index.htm,https://www.sec.gov/Archives/edgar/data/1090727/000119312512081067/d274494d10k.htm
2011-09-30,UPS,2011-11-04,2011-11-04 15:24:38,Q3,13166000000,1015000000,13166000000,1.0,0.0,6694000000,0.0,1271000000,7965000000,11547000000,84000000,447000000,2066000000,0.156919337688,1619000000,0.122968251557,-68000000,1551000000,0.117803433085,509000000,1042000000,0.0791432477594,1.06,1.05,986000000,996000000,https://www.sec.gov/Archives/edgar/data/1090727/000119312511297241/0001193125-11-297241-index.htm,https://www.sec.gov/Archives/edgar/data/1090727/000119312511297241/d238112d10q.htm
2011-06-30,UPS,2011-08-05,2011-08-05 11:04:58,Q2,13191000000,1057000000,13191000000,1.0,0.0,6683000000,0.0,1231000000,7914000000,11493000000,83000000,443000000,2141000000,0.162307633993,1698000000,0.128724130089,-74000000,1624000000,0.123114244561,561000000,1063000000,0.0805852475172,1.08,1.07,990000000,1000000000,https://www.sec.gov/Archives/edgar/data/1090727/000119312511211659/0001193125-11-211659-index.htm,https://www.sec.gov/Archives/edgar/data/1090727/000119312511211659/d10q.htm
2011-03-31,UPS,2011-05-05,2011-05-05 15:28:06,Q1,12582000000,908000000,12582000000,1.0,0.0,6608000000,0.0,1236000000,7844000000,11156000000,85000000,441000000,1867000000,0.148386584009,1426000000,0.113336512478,-74000000,1352000000,0.10745509458,467000000,885000000,0.0703385789223,0.89,0.88,992000000,1002000000,https://www.sec.gov/Archives/edgar/data/1090727/000119312511128327/0001193125-11-128327-index.htm,https://www.sec.gov/Archives/edgar/data/1090727/000119312511128327/d10q.htm
2010-12-31,UPS,2011-02-28,2011-02-28 13:54:49,FY,13421000000,853000000,13421000000,1.0,0.0,6859000000,0.0,1287000000,8146000000,11607000000,94000000,444000000,2258000000,0.168243797034,1814000000,0.135161314358,-84000000,1730000000,0.128902466284,611000000,1119000000,0.0833767975561,1.13,1.12,994000000,1003000000,https://www.sec.gov/Archives/edgar/data/1090727/000119312511049356/0001193125-11-049356-index.htm,https://www.sec.gov/Archives/edgar/data/1090727/000119312511049356/d10k.htm
2010-09-30,UPS,2010-11-05,2010-11-05 16:32:37,Q3,12192000000,724000000,12192000000,1.0,0.0,6411000000,0.0,1055000000,7466000000,10576000000,91000000,448000000,2064000000,0.169291338583,1616000000,0.132545931759,-76000000,1540000000,0.126312335958,549000000,991000000,0.081282808399,0.99,0.99,994000000,1003000000,https://www.sec.gov/Archives/edgar/data/1090727/000119312510250170/0001193125-10-250170-index.htm,https://www.sec.gov/Archives/edgar/data/1090727/000119312510250170/d10q.htm
2010-06-30,UPS,2010-08-09,2010-08-09 09:24:56,Q2,12204000000,717000000,12204000000,1.0,0.0,6515000000,0.0,1227000000,7742000000,10802000000,84000000,449000000,1851000000,0.151671583088,1402000000,0.114880367093,-102000000,1300000000,0.106522451655,455000000,845000000,0.0692395935759,0.85,0.84,994000000,1003000000,https://www.sec.gov/Archives/edgar/data/1090727/000119312510182606/0001193125-10-182606-index.htm,https://www.sec.gov/Archives/edgar/data/1090727/000119312510182606/d10q.htm
2010-03-31,UPS,2010-05-07,2010-05-07 16:19:03,Q1,11728000000,678000000,11728000000,1.0,0.0,6539000000,0.0,1243000000,7782000000,10686000000,85000000,451000000,1493000000,0.12730218281,1042000000,0.0888472032742,-89000000,953000000,0.081258526603,420000000,533000000,0.0454467939973,0.54,0.53,0.0,0.0,https://www.sec.gov/Archives/edgar/data/1090727/000119312510112914/0001193125-10-112914-index.htm,https://www.sec.gov/Archives/edgar/data/1090727/000119312510112914/d10q.htm
2009-12-31,UPS,2010-02-26,2010-02-26 16:12:48,FY,12377000000,695000000,11682000000,0.9438474589965258,0.0,0.0,0.0,12415000000,12415000000,13110000000,89000000,450000000,1633000000,0.1319382726024077,1183000000,0.09558051224044599,-435000000,1183000000,0.09558051224044599,1214000000,757000000,0.06116183243112224,2.16,2.16,996296296,996296296,https://www.sec.gov/Archives/edgar/data/1090727/000119312510042908/0001193125-10-042908-index.htm,https://www.sec.gov/Archives/edgar/data/1090727/000119312510042908/d10k.htm
2009-09-30,UPS,2009-11-06,2009-11-06 16:17:47,Q3,11153000000,635000000,10518000000,0.9430646462835112,0.0,0.0,0.0,8442000000,8442000000,9077000000,93000000,441000000,1283000000,0.11503631309961446,842000000,0.07549538240832063,0.0,842000000,0.07549538240832063,0.0,549000000,0.04922442392181476,1.4,1.4,996428571,996428571,https://www.sec.gov/Archives/edgar/data/1090727/000119312509227554/0001193125-09-227554-index.htm,https://www.sec.gov/Archives/edgar/data/1090727/000119312509227554/d10q.htm
2009-06-30,UPS,2009-08-07,2009-08-07 16:06:06,Q2,10829000000,539000000,10290000000,0.9502262443438914,0.0,0.0,0.0,10419000000,10419000000,10958000000,181000000,426000000,1118000000,0.10324129651860744,692000000,0.0639024840705513,69000000,692000000,0.0639024840705513,-248000000,445000000,0.04109336042109151,0.85,0.85,995294117,995294117,https://www.sec.gov/Archives/edgar/data/1090727/000119312509169068/0001193125-09-169068-index.htm,https://www.sec.gov/Archives/edgar/data/1090727/000119312509169068/d10q.htm
2009-03-31,UPS,2009-05-07,2009-05-07 17:03:47,Q1,10938000000,496000000,10442000000,0.9546535015542147,0.0,0.0,0.0,10220000000,10220000000,10716000000,82000000,430000000,1079000000,0.09864691899798866,649000000,0.059334430426037664,-69000000,649000000,0.059334430426037664,248000000,401000000,0.036661181203145,0.4,0.4,1002500000,1002500000,https://www.sec.gov/Archives/edgar/data/1090727/000119312509103543/0001193125-09-103543-index.htm,https://www.sec.gov/Archives/edgar/data/1090727/000119312509103543/d10q.htm
2008-12-31,UPS,2009-02-27,2009-02-27 16:19:19,FY,12697000000,808000000,11889000000,0.9363629203748917,0.0,0.0,0.0,13254000000,13254000000,14062000000,100000000,454000000,1174000000,0.09246278648499645,720000000,0.05670630857682917,-367000000,720000000,0.05670630857682917,0.0,254000000,0.020004725525714737,2.96,2.96,1014527027,1014527027,https://www.sec.gov/Archives/edgar/data/1090727/000119312509040973/0001193125-09-040973-index.htm,https://www.sec.gov/Archives/edgar/data/1090727/000119312509040973/d10k.htm
2008-09-30,UPS,2008-11-07,2008-11-07 16:18:13,Q3,13113000000,1209000000,11904000000,0.9078014184397163,0.0,0.0,0.0,11025000000,11025000000,12234000000,104000000,456000000,1971000000,0.15030885380919698,1515000000,0.11553420269961108,0.0,1515000000,0.11553420269961108,0.0,970000000,0.07397239380767177,2.69,2.69,1021933085,1021933085,https://www.sec.gov/Archives/edgar/data/1090727/000119312508230029/0001193125-08-230029-index.htm,https://www.sec.gov/Archives/edgar/data/1090727/000119312508230029/d10q.htm
2008-06-30,UPS,2008-08-08,2008-08-08 16:06:49,Q2,13001000000,1167000000,11834000000,0.9102376740250749,0.0,0.0,0.0,10643000000,10643000000,11810000000,104000000,452000000,1816000000,0.13968156295669565,1364000000,0.10491500653795861,77000000,1364000000,0.10491500653795861,0.0,873000000,0.06714868087070225,1.73,1.73,1028323699,1028323699,https://www.sec.gov/Archives/edgar/data/1090727/000119312508171912/0001193125-08-171912-index.htm,https://www.sec.gov/Archives/edgar/data/1090727/000119312508171912/d10q.htm
2008-03-31,UPS,2008-05-09,2008-05-09 16:16:23,Q1,12675000000,950000000,11725000000,0.9250493096646942,0.0,0.0,0.0,11182000000,11182000000,12132000000,134000000,452000000,1868000000,0.1473767258382643,1416000000,0.11171597633136095,-77000000,1416000000,0.11171597633136095,0.0,906000000,0.0714792899408284,0.87,0.87,1041379310,1041379310,https://www.sec.gov/Archives/edgar/data/1090727/000119312508109787/0001193125-08-109787-index.htm,https://www.sec.gov/Archives/edgar/data/1090727/000119312508109787/d10q.htm
2007-12-31,UPS,2008-02-29,2008-02-29 17:12:05,FY,13392000000,926000000,12466000000,0.9308542413381123,0.0,0.0,0.0,18947000000,18947000000,19873000000,83000000,443000000,-3850000000,-0.2874850657108722,-4293000000,-0.32056451612903225,-147000000,-4293000000,-0.32056451612903225,49000000,-2641000000,-0.1972072879330944,0.36,0.36,1061111111,1061111111,https://www.sec.gov/Archives/edgar/data/1090727/000119312508043891/0001193125-08-043891-index.htm,https://www.sec.gov/Archives/edgar/data/1090727/000119312508043891/d10k.htm
2007-09-30,UPS,2007-11-09,2007-11-09 12:08:48,Q3,12205000000,735000000,11470000000,0.939778779188857,0.0,0.0,0.0,10062000000,10062000000,10797000000,53000000,435000000,2104000000,0.17238836542400657,1669000000,0.13674723473986072,0.0,1669000000,0.13674723473986072,0.0,1076000000,0.08816058992216305,2.85,2.85,1060701754,1060701754,https://www.sec.gov/Archives/edgar/data/1090727/000119312507241822/0001193125-07-241822-index.htm,https://www.sec.gov/Archives/edgar/data/1090727/000119312507241822/d10q.htm
2007-06-30,UPS,2007-08-08,2007-08-08 16:53:19,Q2,12189000000,697000000,11492000000,0.9428172942817294,0.0,0.0,0.0,9557000000,9557000000,10254000000,61000000,431000000,2163000000,0.1774550824513906,1732000000,0.142095331856592,35000000,1732000000,0.142095331856592,0.0,1104000000,0.0905734678808762,1.83,1.83,1063934426,1063934426,https://www.sec.gov/Archives/edgar/data/1090727/000119312507175710/0001193125-07-175710-index.htm,https://www.sec.gov/Archives/edgar/data/1090727/000119312507175710/d10q.htm
2007-03-31,UPS,2007-05-10,2007-05-10 14:09:25,Q1,11906000000,616000000,11290000000,0.9482613808163951,0.0,0.0,0.0,10548000000,10548000000,11164000000,49000000,436000000,1759000000,0.1477406349739627,1323000000,0.11112044347387871,-35000000,1323000000,0.11112044347387871,0.0,843000000,0.07080463631782295,0.79,0.79,1067088607,1067088607,https://www.sec.gov/Archives/edgar/data/1090727/000119312507109927/0001193125-07-109927-index.htm,https://www.sec.gov/Archives/edgar/data/1090727/000119312507109927/d10q.htm
2006-12-31,UPS,2007-03-01,2007-03-01 13:50:04,FY,12628000000,2655000000,9973000000,0.7897529299968324,0.0,0.0,0.0,10819000000,10819000000,13474000000,55000000,432000000,2201000000,0.17429521697814382,1769000000,0.14008552423186568,-125000000,1769000000,0.14008552423186568,0.0,1128000000,0.08932530883750396,3.87,3.87,1085788113,1085788113,https://www.sec.gov/Archives/edgar/data/1090727/000119312507044043/0001193125-07-044043-index.htm,https://www.sec.gov/Archives/edgar/data/1090727/000119312507044043/d10k.htm
2006-09-30,UPS,2006-11-06,2006-11-06 16:43:30,Q3,11662000000,0.0,11662000000,1.0,0.0,0.0,0.0,18901000000,18901000000,18901000000,54000000,441000000,1988000000,0.17046818727490998,1547000000,0.1326530612244898,0.0,1547000000,0.1326530612244898,0.0,1038000000,0.08900703138398217,2.83,2.83,1086219081,1086219081,https://www.sec.gov/Archives/edgar/data/1090727/000119312506225211/0001193125-06-225211-index.htm,https://www.sec.gov/Archives/edgar/data/1090727/000119312506225211/d10q.htm
2006-06-30,UPS,2006-08-04,2006-08-04 16:34:20,Q2,11736000000,0.0,11736000000,1.0,0.0,0.0,0.0,1226000000,1226000000,1226000000,54000000,436000000,2100000000,0.17893660531697342,1664000000,0.141785957736878,0.0,1664000000,0.141785957736878,0.0,1061000000,0.09040558963871848,1.87,1.87,1088770053,1088770053,https://www.sec.gov/Archives/edgar/data/1090727/000119312506162446/0001193125-06-162446-index.htm,https://www.sec.gov/Archives/edgar/data/1090727/000119312506162446/d10q.htm
2006-03-31,UPS,2006-05-10,2006-05-10 15:18:35,Q1,11521000000,0.0,11521000000,1.0,0.0,0.0,0.0,9966000000,9966000000,9966000000,48000000,439000000,1969000000,0.1709053033590834,1530000000,0.13280097213783526,0.0,1530000000,0.13280097213783526,0.0,975000000,0.08462807047999306,0.89,0.89,1095505617,1095505617,https://www.sec.gov/Archives/edgar/data/1090727/000119312506107455/0001193125-06-107455-index.htm,https://www.sec.gov/Archives/edgar/data/1090727/000119312506107455/d10q.htm
2005-12-31,UPS,2006-03-14,2006-03-14 16:07:49,FY,11954000000,0.0,11954000000,1.0,0.0,0.0,0.0,10243000000,10243000000,10243000000,52000000,431000000,2098000000,0.17550610674251296,1667000000,0.1394512297139033,0.0,1667000000,0.1394512297139033,0.0,1049000000,0.08775305337125648,3.48,3.48,1112068965,1112068965,https://www.sec.gov/Archives/edgar/data/1090727/000119312506053695/0001193125-06-053695-index.htm,https://www.sec.gov/Archives/edgar/data/1090727/000119312506053695/d10k.htm
2005-09-30,UPS,2005-11-09,2005-11-09 14:36:03,Q3,30627000000,0.0,30627000000,1.0,0.0,0.0,0.0,9052000000,9052000000,9052000000,37000000,412000000,1901000000,0.06206941587488164,1489000000,0.04861723316028341,0.0,1489000000,0.04861723316028341,0.0,953000000,0.03111633525973814,2.53,2.53,1115019762,1115019762,https://www.sec.gov/Archives/edgar/data/1090727/000119312505221335/0001193125-05-221335-index.htm,https://www.sec.gov/Archives/edgar/data/1090727/000119312505221335/d10q.htm
2005-06-30,UPS,2005-08-09,2005-08-09 14:13:06,Q2,0.0,0.0,0.0,0.0,0.0,0.0,0.0,17143000000,17143000000,17143000000,83000000,403000000,3322000000,0.0,2919000000,0.0,0.0,2919000000,0.0,0.0,1868000000,0.0,1.67,1.67,1118562874,1118562874,https://www.sec.gov/Archives/edgar/data/1090727/000119312505162327/0001193125-05-162327-index.htm,https://www.sec.gov/Archives/edgar/data/1090727/000119312505162327/d10q.htm
2005-03-31,UPS,2005-05-10,2005-05-10 16:10:28,Q1,9886000000,0.0,9886000000,1.0,0.0,0.0,0.0,8501000000,8501000000,8501000000,37000000,398000000,1776000000,0.17964798705239732,1378000000,0.13938903499898847,0.0,1378000000,0.13938903499898847,0.0,882000000,0.08921707465102165,0.78,0.78,1130769230,1130769230,https://www.sec.gov/Archives/edgar/data/1090727/000119312505102758/0001193125-05-102758-index.htm,https://www.sec.gov/Archives/edgar/data/1090727/000119312505102758/d10q.htm
2004-12-31,UPS,2005-03-14,2005-03-14 17:22:16,FY,9840000000,0.0,9840000000,1.0,0.0,0.0,0.0,8636000000,8636000000,8636000000,37000000,389000000,1581000000,0.16067073170731708,1192000000,0.12113821138211382,0.0,1192000000,0.12113821138211382,0.0,866000000,0.08800813008130082,2.95,2.95,1129830508,1129830508,https://www.sec.gov/Archives/edgar/data/1090727/000119312505049642/0001193125-05-049642-index.htm,https://www.sec.gov/Archives/edgar/data/1090727/000119312505049642/d10k.htm
2004-09-30,UPS,2004-11-05,2004-11-05 16:47:57,Q3,8952000000,0.0,8952000000,1.0,0.0,0.0,0.0,7694000000,7694000000,7694000000,38000000,383000000,1629000000,0.18197050938337803,1246000000,0.13918677390527256,0.0,1246000000,0.13918677390527256,0.0,890000000,0.09941912421805184,2.19,2.19,1126484018,1126484018,https://www.sec.gov/Archives/edgar/data/1090727/000110465904033946/0001104659-04-033946-index.htm,https://www.sec.gov/Archives/edgar/data/1090727/000110465904033946/a04-12163_110q.htm
2004-06-30,UPS,2004-08-05,2004-08-05 16:06:53,Q2,8871000000,0.0,8871000000,1.0,0.0,0.0,0.0,7561000000,7561000000,7561000000,35000000,385000000,1674000000,0.18870476834629693,1289000000,0.14530492616390486,0.0,1289000000,0.14530492616390486,0.0,818000000,0.09221057377973171,1.4,1.4,1126428571,1126428571,https://www.sec.gov/Archives/edgar/data/1090727/000110465904022675/0001104659-04-022675-index.htm,https://www.sec.gov/Archives/edgar/data/1090727/000110465904022675/a04-8421_110q.htm
2004-03-31,UPS,2004-05-10,2004-05-10 15:45:50,Q1,8919000000,0.0,8919000000,1.0,0.0,0.0,0.0,7702000000,7702000000,7702000000,39000000,386000000,1581000000,0.17726202489068282,1195000000,0.1339836304518444,0.0,1195000000,0.1339836304518444,0.0,759000000,0.08509922637066936,0.67,0.67,1132835820,1132835820,https://www.sec.gov/Archives/edgar/data/1090727/000110465904013540/0001104659-04-013540-index.htm,https://www.sec.gov/Archives/edgar/data/1090727/000110465904013540/a04-5241_110q.htm
2003-12-31,UPS,2004-03-05,2004-03-05 17:14:17,FY,8932000000,0.0,8932000000,1.0,0.0,0.0,0.0,7659000000,7659000000,7659000000,27000000,387000000,1684000000,0.18853560232870578,1297000000,0.14520824003582625,0.0,1297000000,0.14520824003582625,0.0,856000000,0.09583519928347514,2.57,2.55,1128000000,1138000000,https://www.sec.gov/Archives/edgar/data/1090727/000095014404002063/0000950144-04-002063-index.htm,https://www.sec.gov/Archives/edgar/data/1090727/000095014404002063/g86647e10vk.htm
2003-09-30,UPS,2003-11-14,2003-11-14 11:59:42,Q3,8312000000,0.0,8312000000,1.0,0.0,0.0,0.0,7165000000,7165000000,7165000000,31000000,384000000,2154000000,0.25914340712223294,1770000000,0.2129451395572666,0.0,1770000000,0.2129451395572666,0.0,739000000,0.08890760346487006,1.81,1.81,1128176795,1128176795,https://www.sec.gov/Archives/edgar/data/1090727/000110465903026495/0001104659-03-026495-index.htm,https://www.sec.gov/Archives/edgar/data/1090727/000110465903026495/a03-5001_110q.htm
2003-06-30,UPS,2003-08-14,2003-08-14 13:23:46,Q2,8226000000,0.0,8226000000,1.0,0.0,0.0,0.0,7146000000,7146000000,7146000000,38000000,391000000,812000000,0.09871140286895211,421000000,0.051179187940675906,0.0,421000000,0.051179187940675906,0.0,692000000,0.08412351081935326,1.16,1.16,1123275862,1123275862,https://www.sec.gov/Archives/edgar/data/1090727/000110465903018561/0001104659-03-018561-index.htm,https://www.sec.gov/Archives/edgar/data/1090727/000110465903018561/a03-1803_110q.htm
2003-03-31,UPS,2003-05-15,2003-05-15 14:50:54,Q1,8015000000,0.0,8015000000,1.0,0.0,0.0,0.0,7070000000,7070000000,7070000000,25000000,387000000,1269000000,0.15832813474734872,882000000,0.11004366812227075,0.0,882000000,0.11004366812227075,0.0,611000000,0.07623206487835309,0.54,0.54,1131481481,1131481481,https://www.sec.gov/Archives/edgar/data/1090727/000110465903010296/0001104659-03-010296-index.htm,https://www.sec.gov/Archives/edgar/data/1090727/000110465903010296/j1062_10q.htm
2002-12-31,UPS,2003-03-06,2003-03-06 15:09:36,FY,23518000000,0.0,23518000000,1.0,0.0,0.0,0.0,20372000000,20372000000,20372000000,143000000,378000000,4447000000,0.189089208266009,4069000000,0.17301641296028575,913000000,4069000000,0.17301641296028575,0.0,2604000000,0.11072370099498256,0.0,0.0,1111538461,1111538461,https://www.sec.gov/Archives/edgar/data/1090727/000095014403002770/0000950144-03-002770-index.htm,https://www.sec.gov/Archives/edgar/data/1090727/000095014403002770/g80387e10vk.htm
2002-09-30,UPS,2002-11-14,2002-11-14 12:05:17,Q3,72000000,0.0,72000000,1.0,0.0,0.0,0.0,150000000,150000000,150000000,-18000000,373000000,321000000,4.458333333333333,-52000000,-0.7222222222222222,0.0,-52000000,-0.7222222222222222,0.0,-33000000,-0.4583333333333333,0.52,0.52,1111538461,1111538461,https://www.sec.gov/Archives/edgar/data/1090727/000091205702042293/0000912057-02-042293-index.htm,https://www.sec.gov/Archives/edgar/data/1090727/000091205702042293/a2093253z10-q.htm
2002-06-30,UPS,2002-08-14,2002-08-14 14:51:21,Q2,103000000,0.0,103000000,1.0,0.0,0.0,0.0,22000000,22000000,22000000,5000000.0,362000000,438000000,4.252427184466019,76000000,0.7378640776699029,0.0,76000000,0.7378640776699029,0.0,48000000,0.46601941747572817,0.55,0.55,1110909090,1110909090,https://www.sec.gov/Archives/edgar/data/1090727/000091205702032015/0000912057-02-032015-index.htm,https://www.sec.gov/Archives/edgar/data/1090727/000091205702032015/a2086896z10-q.htm
2002-03-31,UPS,2002-05-15,2002-05-15 15:06:11,Q1,7579000000,0.0,7579000000,1.0,0.0,0.0,0.0,6632000000,6632000000,6632000000,43000000,351000000,1267000000,0.16717245019131813,916000000,0.12086027180366803,0.0,916000000,0.12086027180366803,0.0,563000000,0.07428420635967806,0.5,0.5,1126000000,1126000000,https://www.sec.gov/Archives/edgar/data/1090727/000091205702020712/0000912057-02-020712-index.htm,https://www.sec.gov/Archives/edgar/data/1090727/000091205702020712/a2080029z10-q.htm
