date,symbol,fillingDate,acceptedDate,period,revenue,costOfRevenue,grossProfit,grossProfitRatio,researchAndDevelopmentExpenses,generalAndAdministrativeExpenses,sellingAndMarketingExpenses,otherExpenses,operatingExpenses,costAndExpenses,interestExpense,depreciationAndAmortization,ebitda,ebitdaratio,operatingIncome,operatingIncomeRatio,totalOtherIncomeExpensesNet,incomeBeforeTax,incomeBeforeTaxRatio,incomeTaxExpense,netIncome,netIncomeRatio,eps,epsdiluted,weightedAverageShsOut,weightedAverageShsOutDil,link,finalLink
2019-12-31,USB,2020-02-20,2020-02-20 16:58:09,FY,3207000000,0.0,3207000000,1.0,291000000,0.0,0.0,0.0,167000000,167000000,1048000000,130000000,1977000000,0.616463985033,1847000000,0.575927658248,0.0,1847000000,0.575927658248,354000000,1486000000,0.463361396944,0.9,0.91,1581000000,1583000000,https://www.sec.gov/Archives/edgar/data/36104/000119312520043622/0001193125-20-043622-index.htm,https://www.sec.gov/Archives/edgar/data/36104/000119312520043622/d597518d10k.htm
2019-09-30,USB,2019-11-08,2019-11-07 17:37:06,Q3,3281000000,0.0,3281000000,1.0,277000000,0.0,0.0,0.0,319000000,319000000,1156000000,127000000,2511000000,0.765315452606,2384000000,0.726607741542,0.0,2384000000,0.726607741542,467000000,1908000000,0.581530021335,1.16,1.15,1589000000,1592000000,https://www.sec.gov/Archives/edgar/data/36104/000119312519287486/0001193125-19-287486-index.htm,https://www.sec.gov/Archives/edgar/data/36104/000119312519287486/d796072d10q.htm
2019-06-30,USB,2019-08-01,2019-08-01 16:27:21,Q2,3305000000,0.0,3305000000,1.0,270000000,0.0,0.0,0.0,312000000,312000000,1146000000,125000000,2402000000,0.726777609682,2277000000,0.68895612708,0.0,2277000000,0.68895612708,449000000,1821000000,0.550983358548,1.09,1.1,1596000000,1599000000,https://www.sec.gov/Archives/edgar/data/36104/000119312519210903/0001193125-19-210903-index.htm,https://www.sec.gov/Archives/edgar/data/36104/000119312519210903/d737804d10q.htm
2019-03-31,USB,2019-05-09,2019-05-09 15:45:55,Q1,3259000000,0.0,3259000000,1.0,257000000,0.0,0.0,0.0,297000000,297000000,1092000000,120000000,2206000000,0.676894752992,2086000000,0.640073642222,0.0,2086000000,0.640073642222,378000000,1699000000,0.521325559988,1.01,1.0,1602000000,1605000000,https://www.sec.gov/Archives/edgar/data/36104/000119312519142913/0001193125-19-142913-index.htm,https://www.sec.gov/Archives/edgar/data/36104/000119312519142913/d686529d10q.htm
2018-12-31,USB,2019-02-22,2019-02-21 18:03:40,FY,3303000000,0.0,3303000000,1.0,254000000,0.0,0.0,0.0,134000000,134000000,1008000000,121000000,2274000000,0.688465031789,2153000000,0.65183166818,0.0,2153000000,0.65183166818,291000000,1856000000,0.56191341205,1.1,1.1,1634000000,1638000000,https://www.sec.gov/Archives/edgar/data/36104/000119312519047201/0001193125-19-047201-index.htm,https://www.sec.gov/Archives/edgar/data/36104/000119312519047201/d584906d10k.htm
2018-09-30,USB,2018-11-02,2018-11-02 10:24:35,Q3,3251000000,0.0,3251000000,1.0,247000000,0.0,0.0,0.0,288000000,288000000,872000000,118000000,2400000000,0.738234389419,2282000000,0.701937865272,0.0,2282000000,0.701937865272,460000000,1815000000,0.558289756998,1.06,1.06,1641000000,1645000000,https://www.sec.gov/Archives/edgar/data/36104/000119312518316582/0001193125-18-316582-index.htm,https://www.sec.gov/Archives/edgar/data/36104/000119312518316582/d586012d10q.htm
2018-06-30,USB,2018-08-02,2018-08-02 16:24:59,Q2,3197000000,0.0,3197000000,1.0,242000000,0.0,0.0,0.0,282000000,282000000,751000000,115000000,2314000000,0.723803565843,2199000000,0.687832342821,0.0,2199000000,0.687832342821,441000000,1750000000,0.547388176415,1.02,1.02,1647000000,1651000000,https://www.sec.gov/Archives/edgar/data/36104/000119312518236628/0001193125-18-236628-index.htm,https://www.sec.gov/Archives/edgar/data/36104/000119312518236628/d602654d10q.htm
2018-03-31,USB,2018-05-03,2018-05-03 16:31:45,Q1,3168000000,0.0,3168000000,1.0,235000000,0.0,0.0,0.0,274000000,274000000,623000000,113000000,2157000000,0.680871212121,2044000000,0.645202020202,0.0,2044000000,0.645202020202,362000000,1675000000,0.528724747475,0.97,0.96,1652000000,1657000000,https://www.sec.gov/Archives/edgar/data/36104/000119312518150855/0001193125-18-150855-index.htm,https://www.sec.gov/Archives/edgar/data/36104/000119312518150855/d543976d10q.htm
2017-12-31,USB,2018-02-22,2018-02-22 15:07:08,FY,3144000000,0.0,3144000000,1.0,254000000,0.0,0.0,0.0,123000000,123000000,596000000,118000000,1429000000,0.45451653944,1311000000,0.416984732824,0.0,1311000000,0.416984732824,-375000000,1682000000,0.534987277354,0.97,0.96,1677000000,1683000000,https://www.sec.gov/Archives/edgar/data/36104/000119312518053893/0001193125-18-053893-index.htm,https://www.sec.gov/Archives/edgar/data/36104/000119312518053893/d492040d10k.htm
2017-09-30,USB,2017-11-03,2017-11-03 15:01:53,Q3,3135000000,0.0,3135000000,1.0,246000000,0.0,0.0,0.0,290000000,290000000,579000000,117000000,2275000000,0.725677830941,2158000000,0.688357256778,0.0,2158000000,0.688357256778,589000000,1563000000,0.498564593301,0.89,0.89,1683000000,1689000000,https://www.sec.gov/Archives/edgar/data/36104/000119312517332564/0001193125-17-332564-index.htm,https://www.sec.gov/Archives/edgar/data/36104/000119312517332564/d455406d10q.htm
2017-06-30,USB,2017-08-04,2017-08-04 13:08:32,Q2,3017000000,0.0,3017000000,1.0,242000000,0.0,0.0,0.0,285000000,285000000,514000000,116000000,2179000000,0.722240636394,2063000000,0.683791846205,0.0,2063000000,0.683791846205,551000000,1500000000,0.497182631753,0.85,0.84,1689000000,1695000000,https://www.sec.gov/Archives/edgar/data/36104/000119312517248499/0001193125-17-248499-index.htm,https://www.sec.gov/Archives/edgar/data/36104/000119312517248499/d407829d10q.htm
2017-03-31,USB,2017-05-05,2017-05-05 15:11:29,Q1,2945000000,0.0,2945000000,1.0,235000000,0.0,0.0,0.0,279000000,279000000,455000000,117000000,2102000000,0.713752122241,1985000000,0.6740237691,0.0,1985000000,0.6740237691,499000000,1473000000,0.500169779287,0.82,0.82,1694000000,1701000000,https://www.sec.gov/Archives/edgar/data/36104/000119312517160671/0001193125-17-160671-index.htm,https://www.sec.gov/Archives/edgar/data/36104/000119312517160671/d334122d10q.htm
2016-12-31,USB,2017-02-23,2017-02-23 15:41:34,FY,2955000000,0.0,2955000000,1.0,238000000,0.0,0.0,0.0,104000000,104000000,419000000,117000000,2157000000,0.729949238579,2040000000,0.690355329949,0.0,2040000000,0.690355329949,549000000,1478000000,0.500169204738,0.81,0.81,1718000000,1724000000,https://www.sec.gov/Archives/edgar/data/36104/000119312517053947/0001193125-17-053947-index.htm,https://www.sec.gov/Archives/edgar/data/36104/000119312517053947/d291857d10k.htm
2016-09-30,USB,2016-11-04,2016-11-04 13:04:10,Q3,2893000000,0.0,2893000000,1.0,243000000,0.0,0.0,0.0,288000000,288000000,427000000,117000000,2199000000,0.760110611822,2082000000,0.719668164535,0.0,2082000000,0.719668164535,566000000,1502000000,0.519184237815,0.84,0.84,1724000000,1730000000,https://www.sec.gov/Archives/edgar/data/36104/000119312516759887/0001193125-16-759887-index.htm,https://www.sec.gov/Archives/edgar/data/36104/000119312516759887/d231217d10q.htm
2016-06-30,USB,2016-08-05,2016-08-05 13:21:41,Q2,2845000000,0.0,2845000000,1.0,241000000,0.0,0.0,0.0,285000000,285000000,407000000,117000000,2195000000,0.771528998243,2078000000,0.730404217926,0.0,2078000000,0.730404217926,542000000,1522000000,0.534973637961,0.83,0.83,1731000000,1737000000,https://www.sec.gov/Archives/edgar/data/36104/000119312516673126/0001193125-16-673126-index.htm,https://www.sec.gov/Archives/edgar/data/36104/000119312516673126/d176571d10q.htm
2016-03-31,USB,2016-05-06,2016-05-06 12:40:00,Q1,2835000000,0.0,2835000000,1.0,233000000,0.0,0.0,0.0,278000000,278000000,386000000,119000000,2024000000,0.7139329806,1905000000,0.671957671958,0.0,1905000000,0.671957671958,504000000,1386000000,0.488888888889,0.77,0.76,1737000000,1743000000,https://www.sec.gov/Archives/edgar/data/36104/000119312516581459/0001193125-16-581459-index.htm,https://www.sec.gov/Archives/edgar/data/36104/000119312516581459/d150924d10q.htm
2015-12-31,USB,2016-02-25,2016-02-25 17:16:00,FY,2819000000,0.0,2819000000,1.0,230000000,0.0,0.0,0.0,102000000,102000000,337000000,123000000,2168000000,0.769067045051,2045000000,0.725434551259,0.0,2045000000,0.725434551259,556000000,1476000000,0.523589925505,0.8,0.8,1764000000,1772000000,https://www.sec.gov/Archives/edgar/data/36104/000119312516478568/0001193125-16-478568-index.htm,https://www.sec.gov/Archives/edgar/data/36104/000119312516478568/d69262d10k.htm
2015-09-30,USB,2015-11-04,2015-11-04 17:02:52,Q3,2768000000,0.0,2768000000,1.0,222000000,0.0,0.0,0.0,264000000,264000000,349000000,118000000,2155000000,0.778540462428,2037000000,0.735910404624,0.0,2037000000,0.735910404624,534000000,1489000000,0.537933526012,0.81,0.8,1770000000,1778000000,https://www.sec.gov/Archives/edgar/data/36104/000119312515366273/0001193125-15-366273-index.htm,https://www.sec.gov/Archives/edgar/data/36104/000119312515366273/d50444d10q.htm
2015-06-30,USB,2015-08-05,2015-08-05 15:04:39,Q2,2716000000,0.0,2716000000,1.0,221000000,0.0,0.0,0.0,264000000,264000000,352000000,120000000,2145000000,0.789764359352,2025000000,0.74558173785,0.0,2025000000,0.74558173785,528000000,1483000000,0.546023564065,0.8,0.8,1776000000,1784000000,https://www.sec.gov/Archives/edgar/data/36104/000119312515278501/0001193125-15-278501-index.htm,https://www.sec.gov/Archives/edgar/data/36104/000119312515278501/d938086d10q.htm
2015-03-31,USB,2015-05-06,2015-05-06 16:11:12,Q1,2698000000,0.0,2698000000,1.0,214000000,0.0,0.0,0.0,257000000,257000000,363000000,120000000,2043000000,0.757227575982,1923000000,0.712750185322,0.0,1923000000,0.712750185322,479000000,1431000000,0.530392883617,0.77,0.76,1781000000,1789000000,https://www.sec.gov/Archives/edgar/data/36104/000119312515174506/0001193125-15-174506-index.htm,https://www.sec.gov/Archives/edgar/data/36104/000119312515174506/d897379d10q.htm
2014-12-31,USB,2015-02-27,2015-02-27 13:57:50,FY,2744000000,0.0,2744000000,1.0,219000000,0.0,0.0,0.0,270000000,270000000,358000000,128000000,2150000000,0.783527696793,2022000000,0.736880466472,0.0,2022000000,0.736880466472,521000000,1488000000,0.542274052478,0.8,0.79,1803000000,1813000000,https://www.sec.gov/Archives/edgar/data/36104/000119312515068728/0001193125-15-068728-index.htm,https://www.sec.gov/Archives/edgar/data/36104/000119312515068728/d826004d10k.htm
2014-09-30,USB,2014-11-06,2014-11-06 15:09:21,Q3,2692000000,0.0,2692000000,1.0,219000000,0.0,0.0,0.0,270000000,270000000,365000000,127000000,2136000000,0.793462109955,2009000000,0.746285289747,0.0,2009000000,0.746285289747,523000000,1471000000,0.546433878158,0.78,0.78,1809000000,1819000000,https://www.sec.gov/Archives/edgar/data/36104/000119312514400765/0001193125-14-400765-index.htm,https://www.sec.gov/Archives/edgar/data/36104/000119312514400765/d772448d10q.htm
2014-06-30,USB,2014-08-06,2014-08-06 14:14:21,Q2,2689000000,0.0,2689000000,1.0,214000000,0.0,0.0,0.0,262000000,262000000,358000000,123000000,2179000000,0.810338415768,2056000000,0.764596504277,0.0,2056000000,0.764596504277,547000000,1495000000,0.555968761621,0.79,0.78,1815000000,1825000000,https://www.sec.gov/Archives/edgar/data/36104/000119312514297896/0001193125-14-297896-index.htm,https://www.sec.gov/Archives/edgar/data/36104/000119312514297896/d735676d10q.htm
2014-03-31,USB,2014-05-07,2014-05-07 15:09:34,Q1,2650000000,0.0,2650000000,1.0,211000000,0.0,0.0,0.0,260000000,260000000,372000000,123000000,2031000000,0.76641509434,1908000000,0.72,0.0,1908000000,0.72,496000000,1397000000,0.527169811321,0.73,0.73,1818000000,1828000000,https://www.sec.gov/Archives/edgar/data/36104/000119312514187251/0001193125-14-187251-index.htm,https://www.sec.gov/Archives/edgar/data/36104/000119312514187251/d694900d10q.htm
2013-12-31,USB,2014-02-21,2014-02-21 14:41:09,FY,2677000000,0.0,2677000000,1.0,209000000,0.0,0.0,0.0,265000000,265000000,391000000,131000000,2005000000,0.748972730669,1874000000,0.700037355248,0.0,1874000000,0.700037355248,403000000,1456000000,0.543892416885,0.76,0.75,1839000000,1849000000,https://www.sec.gov/Archives/edgar/data/36104/000119312514062530/0001193125-14-062530-index.htm,https://www.sec.gov/Archives/edgar/data/36104/000119312514062530/d633758d10k.htm
2013-09-30,USB,2013-11-01,2013-11-01 15:04:06,Q3,2658000000,0.0,2658000000,1.0,214000000,0.0,0.0,0.0,269000000,269000000,410000000,129000000,2101000000,0.790443942814,1972000000,0.741911211437,0.0,1972000000,0.741911211437,542000000,1468000000,0.552294958616,0.77,0.76,1844000000,1854000000,https://www.sec.gov/Archives/edgar/data/36104/000119312513422783/0001193125-13-422783-index.htm,https://www.sec.gov/Archives/edgar/data/36104/000119312513422783/d595135d10q.htm
2013-06-30,USB,2013-08-07,2013-08-07 16:49:15,Q2,2616000000,0.0,2616000000,1.0,214000000,0.0,0.0,0.0,269000000,269000000,422000000,129000000,2619000000,1.00114678899,2490000000,0.951834862385,0.0,2549000000,0.974388379205,529000000,1484000000,0.567278287462,0.76,0.76,1851000000,1860000000,https://www.sec.gov/Archives/edgar/data/36104/000119312513324389/0001193125-13-324389-index.htm,https://www.sec.gov/Archives/edgar/data/36104/000119312513324389/d544929d10q.htm
2013-03-31,USB,2013-05-03,2013-05-03 16:09:44,Q1,2653000000,0.0,2653000000,1.0,211000000,0.0,0.0,0.0,268000000,268000000,458000000,131000000,1559000000,0.587636637769,1428000000,0.538258575198,0.0,1369000000,0.516019600452,558000000,1428000000,0.538258575198,0.73,0.73,1858000000,1867000000,https://www.sec.gov/Archives/edgar/data/36104/000119312513199123/0001193125-13-199123-index.htm,https://www.sec.gov/Archives/edgar/data/36104/000119312513199123/d500358d10q.htm
2012-12-31,USB,2013-02-22,2013-02-22 13:10:06,FY,2727000000,0.0,2727000000,1.0,214000000,0.0,0.0,0.0,280000000,280000000,469000000,141000000,1561000000,0.572423909058,1420000000,0.520718738541,0.0,1055000000,0.386872020535,552000000,1420000000,0.520718738541,0.72,0.72,1887000000,1896000000,https://www.sec.gov/Archives/edgar/data/36104/000119312513071069/0001193125-13-071069-index.htm,https://www.sec.gov/Archives/edgar/data/36104/000119312513071069/d445313d10k.htm
2012-09-30,USB,2012-11-05,2012-11-05 15:16:51,Q3,8018000000,0.0,8018000000,1.0,607000000,0.0,0.0,0.0,815000000,815000000,1669000000,420000000,4647000000,0.579570965328,4227000000,0.527188825143,0.0,4712000000,0.587677725118,1684000000,4227000000,0.527188825143,2.13,2.12,1892000000,1901000000,https://www.sec.gov/Archives/edgar/data/36104/000119312512451606/0001193125-12-451606-index.htm,https://www.sec.gov/Archives/edgar/data/36104/000119312512451606/d406579d10q.htm
2012-06-30,USB,2012-08-03,2012-08-03 13:55:14,Q2,5068000000,0.0,5068000000,1.0,0.0,0.0,0.0,0.0,0.0,0.0,0.0,71000000,2068000000,0.4080505130228887,1997000000,0.39404104183109706,0.0,1997000000,0.39404104183109706,0.0,1378000000,0.27190213101815314,-0.67,-0.67,1919117647,1947761194,https://www.sec.gov/Archives/edgar/data/36104/000119312512334354/0001193125-12-334354-index.htm,https://www.sec.gov/Archives/edgar/data/36104/000119312512334354/d354826d10q.htm
2012-03-31,USB,2012-05-07,2012-05-04 21:24:06,Q1,4929000000,0.0,4929000000,1.0,0.0,0.0,0.0,0.0,0.0,0.0,0.0,69000000,1957000000,0.3970379387299655,1888000000,0.38303915601541894,0.0,1888000000,0.38303915601541894,0.0,1305000000,0.2647595861229458,0.67,0.67,0.0,0.0,https://www.sec.gov/Archives/edgar/data/36104/000119312512212780/0001193125-12-212780-index.htm,https://www.sec.gov/Archives/edgar/data/36104/000119312512212780/d317330d10q.htm
2011-12-31,USB,2012-02-23,2012-02-23 15:31:05,FY,5104000000,0.0,5104000000,1.0,0.0,0.0,0.0,0.0,0.0,0.0,0.0,70000000,1981000000,0.3881269592476489,1911000000,0.37441222570532917,0.0,1911000000,0.37441222570532917,0.0,1328000000,0.2601880877742947,0.69,0.69,1943820224,1954802259,https://www.sec.gov/Archives/edgar/data/36104/000119312512075125/0001193125-12-075125-index.htm,https://www.sec.gov/Archives/edgar/data/36104/000119312512075125/d261300d10k.htm
2011-09-30,USB,2011-11-04,2011-11-04 17:16:24,Q3,4795000000,0.0,4795000000,1.0,0.0,0.0,0.0,0.0,0.0,0.0,0.0,196000000,1996000000,0.41626694473409803,1800000000,0.3753910323253389,0.0,1800000000,0.3753910323253389,0.0,1252000000,0.2611053180396246,0.65,0.65,1953982300,1971428571,https://www.sec.gov/Archives/edgar/data/36104/000095012311095416/0000950123-11-095416-index.htm,https://www.sec.gov/Archives/edgar/data/36104/000095012311095416/c66223e10vq.htm
2011-06-30,USB,2011-08-08,2011-08-08 16:10:31,Q2,4690000000,0.0,4690000000,1.0,0.0,0.0,0.0,0.0,0.0,0.0,0.0,0.0,1693000000,0.3609808102345416,1693000000,0.3609808102345416,0.0,1693000000,0.3609808102345416,0.0,1179000000,0.2513859275053305,0.6,0.6,1978846153,1978846153,https://www.sec.gov/Archives/edgar/data/36104/000095012311074425/0000950123-11-074425-index.htm,https://www.sec.gov/Archives/edgar/data/36104/000095012311074425/c64684e10vq.htm
2011-03-31,USB,2011-05-06,2011-05-06 16:17:07,Q1,4519000000,0.0,4519000000,1.0,0.0,0.0,0.0,0.0,0.0,0.0,0.0,0.0,1450000000,0.32086744855056426,1450000000,0.32086744855056426,0.0,1450000000,0.32086744855056426,0.0,1029000000,0.22770524452312457,0.52,0.52,0.0,0.0,https://www.sec.gov/Archives/edgar/data/36104/000095012311046628/0000950123-11-046628-index.htm,https://www.sec.gov/Archives/edgar/data/36104/000095012311046628/c63321e10vq.htm
2010-12-31,USB,2011-02-28,2011-02-28 17:14:25,FY,4721000000,0.0,4721000000,1.0,0.0,0.0,0.0,0.0,0.0,0.0,0.0,229000000,1553000000,0.32895572971828,1324000000,0.28044905740309256,0.0,1324000000,0.28044905740309256,0.0,956000000,0.2024994704511756,0.49,0.49,1847200000,1862096774,https://www.sec.gov/Archives/edgar/data/36104/000095012311019888/0000950123-11-019888-index.htm,https://www.sec.gov/Archives/edgar/data/36104/000095012311019888/x59846e10vk.htm
2010-09-30,USB,2010-11-08,2010-11-08 16:48:03,Q3,4587000000,0.0,4587000000,1.0,0.0,0.0,0.0,0.0,0.0,0.0,0.0,0.0,1207000000,0.263134946588184,1207000000,0.263134946588184,0.0,1207000000,0.263134946588184,0.0,894000000,0.1948986265533028,0.45,0.45,1791139240,1791139240,https://www.sec.gov/Archives/edgar/data/36104/000095012310102514/0000950123-10-102514-index.htm,https://www.sec.gov/Archives/edgar/data/36104/000095012310102514/c59631e10vq.htm
2010-06-30,USB,2010-08-06,2010-08-06 16:52:03,Q2,4519000000,0.0,4519000000,1.0,0.0,0.0,0.0,0.0,0.0,0.0,0.0,0.0,1003000000,0.22195175923876964,1003000000,0.22195175923876964,0.0,1003000000,0.22195175923876964,0.0,752000000,0.1664084974551892,0.79,0.79,1949999999,1949999999,https://www.sec.gov/Archives/edgar/data/36104/000095012310074384/0000950123-10-074384-index.htm,https://www.sec.gov/Archives/edgar/data/36104/000095012310074384/c58151e10vq.htm
2010-03-31,USB,2010-05-07,2010-05-07 16:56:30,Q1,4321000000,0.0,4321000000,1.0,0.0,0.0,0.0,0.0,0.0,0.0,0.0,0.0,875000000,0.20249942143022448,875000000,0.20249942143022448,0.0,875000000,0.20249942143022448,0.0,663000000,0.15343670446655866,0.0,0.0,0.0,0.0,https://www.sec.gov/Archives/edgar/data/36104/000095012310046495/0000950123-10-046495-index.htm,https://www.sec.gov/Archives/edgar/data/36104/000095012310046495/c56751e10vq.htm
2009-12-31,USB,2010-02-26,2010-02-26 16:05:04,FY,4376000000,0.0,4376000000,1.0,0.0,0.0,0.0,0.0,0.0,0.0,-2228000000,220000000,980000000,0.22394881170018283,760000000,0.1736745886654479,0.0,760000000,0.1736745886654479,0.0,602000000,0.13756855575868374,0.97,0.97,2306185567,2306185567,https://www.sec.gov/Archives/edgar/data/36104/000095012310018123/0000950123-10-018123-index.htm,https://www.sec.gov/Archives/edgar/data/36104/000095012310018123/x55114e10vk.htm
2009-09-30,USB,2009-11-06,2009-11-06 17:29:47,Q3,4250000000,0.0,4250000000,1.0,0.0,0.0,0.0,0.0,0.0,0.0,-2053000000,0.0,741000000,0.1743529411764706,741000000,0.1743529411764706,0.0,741000000,0.1743529411764706,0.0,605000000,0.1423529411764706,0.67,0.66,2440298507,2477272727,https://www.sec.gov/Archives/edgar/data/36104/000095012309059477/0000950123-09-059477-index.htm,https://www.sec.gov/Archives/edgar/data/36104/000095012309059477/c52971e10vq.htm
2009-06-30,USB,2009-08-10,2009-08-10 17:09:12,Q2,4159000000,0.0,4159000000,1.0,0.0,0.0,0.0,0.0,0.0,0.0,-2129000000,0.0,635000000,0.15268093291656648,635000000,0.15268093291656648,-4000000.0,635000000,0.15268093291656648,0.0,485000000,0.11661457081029093,0.36,0.36,2861111111,2861111111,https://www.sec.gov/Archives/edgar/data/36104/000095012309033037/0000950123-09-033037-index.htm,https://www.sec.gov/Archives/edgar/data/36104/000095012309033037/c52491e10vq.htm
2009-03-31,USB,2009-05-08,2009-05-08 14:46:20,Q1,3883000000,0.0,3883000000,1.0,0.0,0.0,0.0,0.0,0.0,0.0,-1871000000,0.0,694000000,0.1787277877929436,694000000,0.1787277877929436,4000000.0,694000000,0.1787277877929436,0.0,545000000,0.1403553953129024,0.24,0.24,2270833333,2270833333,https://www.sec.gov/Archives/edgar/data/36104/000095013709003749/0000950137-09-003749-index.htm,https://www.sec.gov/Archives/edgar/data/36104/000095013709003749/c50458e10vq.htm
2008-12-31,USB,2009-03-02,2009-03-02 15:28:35,FY,3624000000,0.0,3624000000,1.0,0.0,0.0,0.0,0.0,0.0,0.0,-1960000000,218000000,615000000,0.1697019867549669,397000000,0.10954746136865343,4000000.0,397000000,0.10954746136865343,0.0,330000000,0.09105960264900662,1.62,1.61,1818518518,1829813664,https://www.sec.gov/Archives/edgar/data/36104/000095015209002057/0000950152-09-002057-index.htm,https://www.sec.gov/Archives/edgar/data/36104/000095015209002057/c48687e10vk.htm
2008-09-30,USB,2008-11-10,2008-11-10 12:06:17,Q3,3379000000,0.0,3379000000,1.0,0.0,0.0,0.0,0.0,0.0,0.0,-1823000000,0.0,808000000,0.2391240011837822,808000000,0.2391240011837822,0.0,808000000,0.2391240011837822,0.0,576000000,0.17046463450725066,1.47,1.46,1779591836,1791780821,https://www.sec.gov/Archives/edgar/data/36104/000095013708013575/0000950137-08-013575-index.htm,https://www.sec.gov/Archives/edgar/data/36104/000095013708013575/c46712e10vq.htm
2008-06-30,USB,2008-08-11,2008-08-11 13:10:21,Q2,3800000000,0.0,3800000000,1.0,0.0,0.0,0.0,0.0,0.0,0.0,-1835000000,0.0,1369000000,0.36026315789473684,1369000000,0.36026315789473684,0.0,1369000000,0.36026315789473684,0.0,950000000,0.25,1.16,1.14,1758620689,1789473684,https://www.sec.gov/Archives/edgar/data/36104/000095013708010494/0000950137-08-010494-index.htm,https://www.sec.gov/Archives/edgar/data/36104/000095013708010494/c28031e10vq.htm
2008-03-31,USB,2008-05-12,2008-05-12 13:24:35,Q1,3874000000,0.0,3874000000,1.0,0.0,0.0,0.0,0.0,0.0,0.0,-1796000000,0.0,1593000000,0.41120289106866287,1593000000,0.41120289106866287,0.0,1593000000,0.41120289106866287,0.0,1090000000,0.28136293236964377,0.62,0.62,1758064516,1758064516,https://www.sec.gov/Archives/edgar/data/36104/000095013708007222/0000950137-08-007222-index.htm,https://www.sec.gov/Archives/edgar/data/36104/000095013708007222/c25477e10vq.htm
2007-12-31,USB,2008-02-25,2008-02-25 15:13:23,FY,3540000000,0.0,3540000000,1.0,0.0,0.0,0.0,0.0,0.0,0.0,-2049000000,243000000,-449000000,-0.1268361581920904,-692000000,-0.19548022598870057,0.0,1266000000,0.3576271186440678,0.0,862000000,0.24350282485875707,2.46,2.43,1757723577,1779423868,https://www.sec.gov/Archives/edgar/data/36104/000095012408000806/0000950124-08-000806-index.htm,https://www.sec.gov/Archives/edgar/data/36104/000095012408000806/c22668e10vk.htm
2007-09-30,USB,2007-11-08,2007-11-08 09:11:40,Q3,3529000000,0.0,3529000000,1.0,0.0,0.0,0.0,0.0,0.0,0.0,-1628000000,0.0,1702000000,0.4822896004533862,1702000000,0.4822896004533862,0.0,1702000000,0.4822896004533862,0.0,1176000000,0.33323887786908474,1.97,1.94,1757360406,1784536082,https://www.sec.gov/Archives/edgar/data/36104/000095012407005662/0000950124-07-005662-index.htm,https://www.sec.gov/Archives/edgar/data/36104/000095012407005662/c19210e10vq.htm
2007-06-30,USB,2007-08-09,2007-08-09 10:25:25,Q2,3505000000,0.0,3505000000,1.0,0.0,0.0,0.0,0.0,0.0,0.0,-1640000000,0.0,1674000000,0.4776034236804565,1674000000,0.4776034236804565,0.0,1674000000,0.4776034236804565,0.0,1156000000,0.3298145506419401,1.29,1.27,1772093023,1800000000,https://www.sec.gov/Archives/edgar/data/36104/000095012407004098/0000950124-07-004098-index.htm,https://www.sec.gov/Archives/edgar/data/36104/000095012407004098/c16617e10vq.htm
2007-03-31,USB,2007-05-10,2007-05-10 12:38:25,Q1,3362000000,0.0,3362000000,1.0,0.0,0.0,0.0,0.0,0.0,0.0,-1545000000,0.0,1640000000,0.4878048780487805,1640000000,0.4878048780487805,0.0,1640000000,0.4878048780487805,0.0,1130000000,0.3361094586555622,0.64,0.63,1765625000,1793650793,https://www.sec.gov/Archives/edgar/data/36104/000095012407002789/0000950124-07-002789-index.htm,https://www.sec.gov/Archives/edgar/data/36104/000095012407002789/c13945e10vq.htm
2006-12-31,USB,2007-02-26,2007-02-26 17:27:14,FY,3424000000,0.0,3424000000,1.0,0.0,0.0,0.0,0.0,0.0,0.0,-1612000000,233000000,-285000000,-0.08323598130841121,-518000000,-0.15128504672897197,0.0,1643000000,0.4798481308411215,0.0,1194000000,0.348714953271028,2.64,2.61,1799621212,1820306513,https://www.sec.gov/Archives/edgar/data/36104/000095012407001116/0000950124-07-001116-index.htm,https://www.sec.gov/Archives/edgar/data/36104/000095012407001116/c11185e10vk.htm
2006-09-30,USB,2006-11-09,2006-11-09 13:22:37,Q3,3421000000,0.0,3421000000,1.0,0.0,0.0,0.0,0.0,0.0,0.0,-1538000000,0.0,1748000000,0.5109617071031862,1748000000,0.5109617071031862,0.0,1748000000,0.5109617071031862,0.0,1203000000,0.3516515638702134,1.98,1.95,1796464646,1824102564,https://www.sec.gov/Archives/edgar/data/36104/000095012406006645/0000950124-06-006645-index.htm,https://www.sec.gov/Archives/edgar/data/36104/000095012406006645/c09118e10vq.htm
2006-06-30,USB,2006-08-09,2006-08-09 13:36:26,Q2,3452000000,0.0,3452000000,1.0,0.0,0.0,0.0,0.0,0.0,0.0,-1530000000,0.0,1797000000,0.5205677867902665,1797000000,0.5205677867902665,0.0,1797000000,0.5205677867902665,0.0,1201000000,0.3479142526071842,1.3,1.29,1810769230,1824806201,https://www.sec.gov/Archives/edgar/data/36104/000095012406004352/0000950124-06-004352-index.htm,https://www.sec.gov/Archives/edgar/data/36104/000095012406004352/c06531e10vq.htm
2006-03-31,USB,2006-05-10,2006-05-10 11:19:01,Q1,3339000000,0.0,3339000000,1.0,0.0,0.0,0.0,0.0,0.0,0.0,-1500000000,0.0,1724000000,0.5163222521713088,1724000000,0.5163222521713088,0.0,1724000000,0.5163222521713088,0.0,1153000000,0.3453129679544774,0.64,0.63,1801562500,1830158730,https://www.sec.gov/Archives/edgar/data/36104/000095012406002629/0000950124-06-002629-index.htm,https://www.sec.gov/Archives/edgar/data/36104/000095012406002629/c04508e10vq.htm
2005-12-31,USB,2006-03-07,2006-03-07 17:24:00,FY,12617000000,0.0,12617000000,1.0,0.0,0.0,-171000000,0.0,-171000000,-171000000,-3425000000,231000000,-199000000,-0.015772370611080288,-430000000,-0.03408100182293731,-84000000,1685000000,0.13354997225964968,0.0,1143000000,0.09059205833399382,2.45,2.42,1832244897,1854958677,https://www.sec.gov/Archives/edgar/data/36104/000095013406004429/0000950134-06-004429-index.htm,https://www.sec.gov/Archives/edgar/data/36104/000095013406004429/c01303e10vk.htm
2005-09-30,USB,2005-11-09,2005-11-09 12:30:20,Q3,185000000,0.0,185000000,1.0,0.0,0.0,61000000,0.0,61000000,61000000,-936000000,0.0,1740000000,9.405405405405405,1740000000,9.405405405405405,29000000,1740000000,9.405405405405405,0.0,1154000000,6.237837837837838,1.82,1.82,1838461538,1838461538,https://www.sec.gov/Archives/edgar/data/36104/000095013405020994/0000950134-05-020994-index.htm,https://www.sec.gov/Archives/edgar/data/36104/000095013405020994/c99268e10vq.htm
2005-06-30,USB,2005-08-09,2005-08-09 11:57:27,Q2,177000000,0.0,177000000,1.0,0.0,0.0,67000000,0.0,67000000,67000000,-811000000,0.0,1556000000,8.790960451977401,1556000000,8.790960451977401,28000000,1556000000,8.790960451977401,0.0,1121000000,6.333333333333333,1.19,1.19,1842016806,1842016806,https://www.sec.gov/Archives/edgar/data/36104/000095013405015300/0000950134-05-015300-index.htm,https://www.sec.gov/Archives/edgar/data/36104/000095013405015300/c96924e10vq.htm
2005-03-31,USB,2005-05-09,2005-05-09 14:20:50,Q1,154000000,0.0,154000000,1.0,0.0,0.0,43000000,0.0,43000000,43000000,-691000000,0.0,1623000000,10.53896103896104,1623000000,10.53896103896104,27000000,1623000000,10.53896103896104,0.0,1071000000,6.954545454545454,0.58,0.58,1846551724,1846551724,https://www.sec.gov/Archives/edgar/data/36104/000095013405009415/0000950134-05-009415-index.htm,https://www.sec.gov/Archives/edgar/data/36104/000095013405009415/c94536e10vq.htm
2004-12-31,USB,2005-02-28,2005-02-28 16:11:46,FY,3235000000,0.0,3235000000,1.0,0.0,0.0,0.0,0.0,0.0,0.0,-1578000000,244000000,1300000000,0.401854714064915,1056000000,0.32642967542503865,0.0,1592000000,0.49211746522411126,0.0,1056000000,0.32642967542503865,2.21,2.18,1885067873,1911009174,https://www.sec.gov/Archives/edgar/data/36104/000095013405003890/0000950134-05-003890-index.htm,https://www.sec.gov/Archives/edgar/data/36104/000095013405003890/c89834e10vk.htm
2004-09-30,USB,2004-11-09,2004-11-09 14:03:47,Q3,3306000000,0.0,3306000000,1.0,0.0,0.0,0.0,0.0,0.0,0.0,-1519000000,0.0,1065000000,0.3221415607985481,1065000000,0.3221415607985481,0.0,1622000000,0.4906231094978826,0.0,1065000000,0.3221415607985481,1.64,1.62,1896341463,1919753086,https://www.sec.gov/Archives/edgar/data/36104/000095013404016891/0000950134-04-016891-index.htm,https://www.sec.gov/Archives/edgar/data/36104/000095013404016891/c89012e10vq.htm
2004-06-30,USB,2004-08-09,2004-08-09 11:26:14,Q2,3021000000,0.0,3021000000,1.0,0.0,0.0,0.0,0.0,0.0,0.0,-1233000000,0.0,1037000000,0.3432638199271764,1037000000,0.3432638199271764,0.0,1584000000,0.5243296921549155,0.0,1037000000,0.3432638199271764,1.07,1.06,1911214953,1929245283,https://www.sec.gov/Archives/edgar/data/36104/000095013404011712/0000950134-04-011712-index.htm,https://www.sec.gov/Archives/edgar/data/36104/000095013404011712/c86971e10vq.htm
2004-03-31,USB,2004-05-10,2004-05-10 17:22:29,Q1,3097000000,0.0,3097000000,1.0,0.0,0.0,0.0,0.0,0.0,0.0,-1454000000,0.0,1008000000,0.32547626735550533,1008000000,0.32547626735550533,0.0,1407000000,0.45431062318372617,0.0,1008000000,0.32547626735550533,0.53,0.52,1901886792,1938461538,https://www.sec.gov/Archives/edgar/data/36104/000095013404007110/0000950134-04-007110-index.htm,https://www.sec.gov/Archives/edgar/data/36104/000095013404007110/c84800e10vq.htm
2003-12-31,USB,2004-02-27,2004-02-27 16:41:51,FY,12123000000,0.0,12123000000,1.0,0.0,0.0,0.0,0.0,0.0,0.0,-3991000000,275000000,-341000000,-0.028128351068217438,-616000000,-0.05081250515548957,-80000000,1353000000,0.11160603810937887,0.0,883000000,0.07283675657840469,1.93,1.92,1933678756,1943750000,https://www.sec.gov/Archives/edgar/data/36104/000095013404002667/0000950134-04-002667-index.htm,https://www.sec.gov/Archives/edgar/data/36104/000095013404002667/c82279e10vk.htm
2003-09-30,USB,2003-11-14,2003-11-14 11:37:03,Q3,407000000,0.0,407000000,1.0,0.0,0.0,0.0,0.0,0.0,0.0,-1605000000,0.0,4326000000,10.628992628992629,4326000000,10.628992628992629,80000000,4326000000,10.628992628992629,0.0,2849000000,7.0,1.48,1.48,1925000000,1925000000,https://www.sec.gov/Archives/edgar/data/36104/000095013403015362/0000950134-03-015362-index.htm,https://www.sec.gov/Archives/edgar/data/36104/000095013403015362/c79694e10vq.htm
2003-06-30,USB,2003-08-14,2003-08-14 17:09:48,Q2,6651000000,0.0,6651000000,1.0,0.0,0.0,0.0,0.0,0.0,0.0,-2703000000,0.0,1461000000,0.21966621560667568,1461000000,0.21966621560667568,-29000000,1461000000,0.21966621560667568,0.0,953000000,0.1432867238009322,0.97,0.97,1921649484,1921649484,https://www.sec.gov/Archives/edgar/data/36104/000095013403011890/0000950134-03-011890-index.htm,https://www.sec.gov/Archives/edgar/data/36104/000095013403011890/c78314e10vq.htm
2003-03-31,USB,2003-05-14,2003-05-14 17:07:39,Q1,127000000,0.0,127000000,1.0,0.0,0.0,0.0,0.0,0.0,0.0,-567000000,0.0,1389000000,10.937007874015748,1389000000,10.937007874015748,29000000,1389000000,10.937007874015748,0.0,911000000,7.173228346456693,0.47,0.47,1938297872,1938297872,https://www.sec.gov/Archives/edgar/data/36104/000095013403007963/0000950134-03-007963-index.htm,https://www.sec.gov/Archives/edgar/data/36104/000095013403007963/c76400e10vq.htm
2002-12-31,USB,2003-02-28,2003-02-28 17:29:43,FY,144000000,0.0,144000000,1.0,0.0,0.0,0.0,0.0,0.0,0.0,-630000000,285000000,1589000000,11.034722222222221,1304000000,9.055555555555555,30000000,1304000000,9.055555555555555,0.0,850000000,5.902777777777778,1.74,1.74,1890229885,1890229885,https://www.sec.gov/Archives/edgar/data/36104/000095013403003243/0000950134-03-003243-index.htm,https://www.sec.gov/Archives/edgar/data/36104/000095013403003243/c74004e10vk.htm
2002-09-30,USB,2002-11-14,2002-11-14 19:42:42,Q3,133000000,0.0,133000000,1.0,0.0,0.0,0.0,0.0,0.0,0.0,-688000000,0.0,1319000000,9.917293233082706,1319000000,9.917293233082706,26000000,1319000000,9.917293233082706,0.0,860000000,6.466165413533835,1.29,1.29,1890697674,1890697674,https://www.sec.gov/Archives/edgar/data/36104/000095013402014532/0000950134-02-014532-index.htm,https://www.sec.gov/Archives/edgar/data/36104/000095013402014532/c72307e10vq.htm
2002-06-30,USB,2002-08-13,2002-08-13 16:10:39,Q2,54000000,0.0,54000000,1.0,0.0,0.0,0.0,0.0,0.0,0.0,-695000000,0.0,1263000000,23.38888888888889,1263000000,23.38888888888889,32000000,1263000000,23.38888888888889,0.0,823000000,15.24074074074074,0.84,0.84,1879761904,1879761904,https://www.sec.gov/Archives/edgar/data/36104/000095013402009736/0000950134-02-009736-index.htm,https://www.sec.gov/Archives/edgar/data/36104/000095013402009736/c70716e10vq.htm
