date,symbol,fillingDate,acceptedDate,period,revenue,costOfRevenue,grossProfit,grossProfitRatio,researchAndDevelopmentExpenses,generalAndAdministrativeExpenses,sellingAndMarketingExpenses,otherExpenses,operatingExpenses,costAndExpenses,interestExpense,depreciationAndAmortization,ebitda,ebitdaratio,operatingIncome,operatingIncomeRatio,totalOtherIncomeExpensesNet,incomeBeforeTax,incomeBeforeTaxRatio,incomeTaxExpense,netIncome,netIncomeRatio,eps,epsdiluted,weightedAverageShsOut,weightedAverageShsOutDil,link,finalLink
2019-09-30,UTX,None,Not found...,Q3,19496000000,10461000000,9035000000,0.4634283955683217,732000000,2104000000,0.0,-303000000,2533000000,17047000000,401000000,967000000,3453000000,0.177113254001,2486000000,0.127513336069,0.0,2388000000,0.122486663931,1131000000,1148000000,0.0588838736151,1.34,1.33,854200000,862900000,updating...,processing...
2019-06-30,UTX,None,Not found...,Q2,19634000000,21149000000,-1515000000,-0.07716206580421718,743000000,2106000000,0.0,-216000000,2633000000,17262000000,360000000,922000000,3506000000,0.178567790567,2584000000,0.131608434349,0.0,2440000000,0.124274218193,441000000,1900000000,0.0967709076092,2.22,2.2,853800000,862300000,updating...,processing...
2019-03-31,UTX,None,None,Q1,18365000000,0.0,18365000000,1.0,728000000,1997000000,0.0,-208000000,2517000000,16432000000,431000000,942000000,2987000000,0.162646338143,2045000000,0.111353117343,0.0,1822000000,0.0992104546692,397000000,1346000000,0.0732915872584,1.58,1.56,853200000,860700000,None,processing...
2018-12-31,UTX,None,None,FY,18044000000,10242000000,7802000000,0.4323874972289958,733000000,1915000000,0.0,-194000000,2454000000,16395000000,317000000,667000000,2578000000,0.142872977167,1911000000,0.10590778098,0.0,1788000000,0.0990911106185,990000000,686000000,0.0380181777876,0.78,0.78,800400000,810100000,None,processing...
2018-09-30,UTX,None,None,Q3,16510000000,9342000000,7168000000,0.4341611144760751,586000000,1681000000,0.0,-188000000,2079000000,14803000000,258000000,593000000,2431000000,0.147244094488,1838000000,0.111326468807,0.0,1768000000,0.107086614173,419000000,1238000000,0.074984857662,1.57,1.54,790600000,800700000,None,processing...
2018-06-30,UTX,None,None,Q2,16705000000,9154000000,7551000000,0.45202035318766837,589000000,1759000000,0.0,-383000000,1965000000,14770000000,234000000,592000000,3468000000,0.207602514217,2876000000,0.172164022748,0.0,2834000000,0.169649805447,695000000,2048000000,0.122598024544,2.59,2.56,790200000,800000000,None,processing...
2018-03-31,UTX,None,None,Q1,15242000000,8016000000,7226000000,0.4740847657787692,554000000,1711000000,0.0,0.0,2265000000,13545000000,229000000,581000000,2509000000,0.164610943446,1928000000,0.126492586275,0.0,1890000000,0.123999475134,522000000,1297000000,0.0850938197087,1.64,1.62,789900000,800400000,None,processing...
2017-12-31,UTX,None,None,FY,15680000000,8107000000,7573000000,0.4829719387755102,619000000,1639000000,0.0,0.0,2258000000,13991000000,247000000,558000000,2510000000,0.160076530612,1952000000,0.124489795918,0.0,1705000000,0.108737244898,1219000000,397000000,0.025318877551,0.5,0.5,790000000,799100000,None,processing...
2017-09-30,UTX,None,None,Q3,15062000000,7750000000,7312000000,0.48546009826052317,582000000,1524000000,0.0,0.0,2106000000,13149000000,223000000,543000000,2706000000,0.179657416014,2163000000,0.143606426769,0.0,1940000000,0.128800956048,506000000,1330000000,0.088301686363,1.69,1.67,790300000,799400000,None,processing...
2017-06-30,UTX,None,None,Q2,15280000000,7907000000,7373000000,0.4825261780104712,609000000,1538000000,0.0,0.0,2147000000,13247000000,226000000,527000000,2817000000,0.184358638743,2290000000,0.149869109948,0.0,2064000000,0.135078534031,532000000,1439000000,0.0941753926702,1.82,1.8,791100000,800400000,None,processing...
2017-03-31,UTX,None,None,Q1,13815000000,7263000000,6552000000,0.4742671009771987,577000000,1482000000,0.0,0.0,2059000000,12136000000,213000000,512000000,2779000000,0.201158161419,2267000000,0.164096996019,0.0,2054000000,0.148678972132,586000000,1386000000,0.100325732899,1.75,1.73,793500000,802300000,None,processing...
2016-12-31,UTX,None,None,FY,14659000000,7783000000,6876000000,0.4690633740364281,626000000,1856000000,0.0,0.0,2482000000,13205000000,366000000,506000000,2145000000,0.146326488846,1639000000,0.111808445324,0.0,1273000000,0.0868408486254,149000000,1013000000,0.0691043045228,1.27,1.26,818200000,826100000,None,processing...
2016-09-30,UTX,None,None,Q3,14354000000,7522000000,6832000000,0.4759648878361432,582000000,1390000000,0.0,0.0,1972000000,12314000000,225000000,496000000,2747000000,0.191375226418,2251000000,0.156820398495,0.0,2026000000,0.141145325345,494000000,1478000000,0.10296781385,1.8,1.78,824000000,831800000,None,processing...
2016-06-30,UTX,None,None,Q2,14874000000,7933000000,6941000000,0.4666532203845637,588000000,1451000000,0.0,0.0,2039000000,12780000000,225000000,494000000,2831000000,0.190332123168,2337000000,0.157119806374,0.0,2112000000,0.141992739008,593000000,1373000000,0.0923087266371,1.67,1.65,825100000,831900000,None,processing...
2016-03-31,UTX,None,None,Q1,13357000000,7087000000,6270000000,0.4694167852062589,541000000,1363000000,0.0,0.0,1904000000,11558000000,223000000,466000000,2411000000,0.180504604327,1945000000,0.145616530658,0.0,1722000000,0.128921164932,461000000,1191000000,0.0891667290559,1.44,1.43,825000000,831200000,None,None
2015-12-31,UTX,None,None,FY,14300000000,7819000000,6481000000,0.4532167832167832,611000000,1625000000,0.0,-613000000,1623000000,12889000000,-618000000,462000000,854000000,0.0597202797203,392000000,0.0274125874126,0.0,186000000,0.013006993007,363000000,3278000000,0.229230769231,3.81,3.76,872700000,883200000,None,None
2015-09-30,UTX,None,None,Q3,10924000000,5102000000,5822000000,0.5329549615525448,460000000,1155000000,0.0,0.0,1615000000,9045000000,184000000,443000000,2516000000,0.230318564628,2073000000,0.189765653607,0.0,1889000000,0.172922006591,506000000,1362000000,0.12467960454,1.56,1.54,882100000,893600000,None,None
2015-06-30,UTX,None,None,Q2,16333000000,9020000000,7313000000,0.44774383150676544,606000000,1543000000,0.0,0.0,2149000000,13974000000,216000000,479000000,3031000000,0.185575215821,2552000000,0.156248086696,0.0,2336000000,0.143023327007,684000000,1542000000,0.0944100900018,1.75,1.73,884800000,897800000,None,None
2015-03-31,UTX,None,None,Q1,14541000000,7830000000,6711000000,0.46152259129358364,602000000,1563000000,0.0,0.0,2165000000,12688000000,218000000,479000000,2753000000,0.189326731311,2274000000,0.156385393027,0.0,2056000000,0.141393301699,558000000,1426000000,0.098067533182,1.6,1.58,890300000,904200000,None,None
2014-12-31,UTX,None,None,FY,16996000000,9337000000,7659000000,0.4506354436337962,668000000,1701000000,0.0,-265000000,2104000000,14729000000,0.0,489000000,3059000000,0.179983525535,2570000000,0.151212049894,0.0,2305000000,0.135620145917,730000000,1473000000,0.086667451165,1.64,1.62,898300000,911600000,None,None
2014-09-30,UTX,None,None,Q3,16168000000,8444000000,7724000000,0.4777337951509154,677000000,1580000000,0.0,-186000000,2071000000,13723000000,0.0,483000000,3229000000,0.199715487382,2746000000,0.169841662543,0.0,2560000000,0.158337456705,608000000,1854000000,0.114670954973,2.07,2.04,899300000,913100000,None,None
2014-06-30,UTX,None,None,Q2,17191000000,10182000000,7009000000,0.40771333837473095,666000000,1623000000,0.0,-206000000,2083000000,15220000000,0.0,468000000,2823000000,0.164213832819,2355000000,0.136990285615,0.0,2149000000,0.125007271247,359000000,1680000000,0.097725554069,1.86,1.84,900300000,914800000,None,None
2014-03-31,UTX,None,None,Q1,14745000000,8081000000,6664000000,0.45194981349610036,624000000,1596000000,0.0,-225000000,1995000000,12910000000,0.0,467000000,2565000000,0.173957273652,2098000000,0.142285520515,0.0,1873000000,0.127026110546,567000000,1213000000,0.0822651746355,1.35,1.32,900900000,917000000,None,None
2013-12-31,UTX,None,None,FY,16759000000,9187000000,7572000000,0.4518169341846172,658000000,1721000000,0.0,-218000000,2161000000,14663000000,0.0,486000000,2816000000,0.168029118682,2330000000,0.139029775046,0.0,2112000000,0.126021839012,561000000,1463000000,0.0872963780655,1.62,1.59,901000000,915100000,None,None
2013-09-30,UTX,None,Not found...,Q3,15462000000,8316000000,7146000000,0.46216530849825377,630000000,1633000000,0.0,-226000000,2037000000,13283000000,0.0,452000000,2818000000,0.182253266072,2366000000,0.153020307852,0.0,2140000000,0.138403828741,614000000,1432000000,0.0926141508214,1.59,1.57,900900000,914100000,updating...,None
2013-06-30,UTX,None,Not found...,Q2,16006000000,8712000000,7294000000,0.4557041109583906,631000000,1737000000,0.0,-217000000,2151000000,13920000000,0.0,439000000,2946000000,0.184055979008,2507000000,0.156628764213,0.0,2290000000,0.143071348244,645000000,1560000000,0.0974634512058,1.74,1.7,901000000,913800000,updating...,None
2013-03-31,UTX,None,Not found...,Q1,14399000000,7848000000,6551000000,0.4549621501493159,610000000,1627000000,0.0,-236000000,2001000000,12702000000,0.0,444000000,2450000000,0.17015070491,2006000000,0.139315230224,0.0,1770000000,0.122925203139,418000000,1266000000,0.0879227724148,1.4,1.39,901300000,913800000,updating...,None
2012-12-31,UTX,None,Not found...,FY,16443000000,9370000000,7073000000,0.43015264854345314,712000000,1795000000,0.0,-260000000,2247000000,14793000000,0.0,477000000,2228000000,0.135498388372,1751000000,0.106489083501,0.0,1491000000,0.0906768837803,454000000,2057000000,0.125098826248,2.29,2.27,895200000,906600000,updating...,None
2012-09-30,UTX,None,Not found...,Q3,15042000000,8278000000,6764000000,0.4496742454460843,590000000,1619000000,0.0,-216000000,1993000000,13212000000,0.0,422000000,2463000000,0.163741523734,2041000000,0.135686743784,0.0,1825000000,0.121326951203,484000000,1415000000,0.0940699375083,1.58,1.56,893600000,905300000,updating...,None
2012-06-30,UTX,None,Not found...,Q2,13799000000,7117000000,6682000000,0.48423798826001885,522000000,1503000000,0.0,-168000000,1857000000,11948000000,0.0,305000000,2495000000,0.180810203638,2190000000,0.158707152692,0.0,2022000000,0.146532357417,458000000,1328000000,0.0962388578883,1.49,1.47,892100000,904200000,updating...,None
2012-03-31,UTX,None,Not found...,Q1,12424000000,6329000000,6095000000,0.4905827430779137,547000000,1535000000,0.0,-129000000,1953000000,11023000000,0.0,320000000,2022000000,0.162749517064,1702000000,0.136992916935,0.0,1573000000,0.126609787508,315000000,330000000,0.0265614938828,0.37,0.36,890900000,903900000,updating...,None
2011-12-31,UTX,None,Not found...,FY,14966000000,8040000000,6926000000,0.4627823065615395,552000000,1699000000,0.0,-66000000,2185000000,13102000000,0.0,324000000,2222000000,0.148469865027,1898000000,0.126820793799,0.0,1832000000,0.122410797808,410000000,1325000000,0.0885340104236,1.49,1.47,892300000,906800000,updating...,None
2011-09-30,UTX,None,Not found...,Q3,14804000000,7935000000,6869000000,0.46399621723858414,495000000,1578000000,0.0,-428000000,1645000000,18324000000,0.0,346000000,2548000000,0.17211564442,2202000000,0.148743582815,0.0,2064000000,0.139421777898,643000000,1324000000,0.0894352877601,1.49,1.47,893700000,909100000,updating...,None
2011-06-30,UTX,None,Not found...,Q2,15076000000,8099000000,6977000000,0.46278853807375964,526000000,1644000000,0.0,0.0,2170000000,10269000000,0.0,344000000,2564000000,0.170071637039,2220000000,0.147253913505,0.0,2079000000,0.13790130008,649000000,1318000000,0.0874237198196,1.47,1.44,895900000,912400000,updating...,None
2011-03-31,UTX,None,Not found...,Q1,13344000000,6952000000,6392000000,0.4790167865707434,485000000,1543000000,0.0,0.0,2028000000,8980000000,0.0,333000000,2112000000,0.158273381295,1779000000,0.133318345324,0.0,1630000000,0.122152278177,529000000,1012000000,0.0758393285372,1.13,1.11,898700000,914900000,updating...,None
2010-12-31,UTX,None,Not found...,FY,54326000000,28956000000,25370000000,0.46699554541103705,1746000000,6024000000,0.0,0.0,7770000000,36726000000,0.0,1356000000,8542000000,0.157235945956,7186000000,0.13227552185,0.0,6538000000,0.120347531569,1827000000,4373000000,0.0804955270036,4.82,4.74,907900000,922700000,updating...,None
2010-03-31,UTX,None,Not found...,Q1,0.0,0.0,0.0,0.0,0.0,0.0,0.0,0.0,0.0,0.0,0.0,0.0,0.0,0.0,0.0,0.0,0.0,0.0,0.0,0.0,0.0,0.0,0.0,0.0,0.0,0.0,updating...,None
