date,symbol,fillingDate,acceptedDate,period,revenue,costOfRevenue,grossProfit,grossProfitRatio,researchAndDevelopmentExpenses,generalAndAdministrativeExpenses,sellingAndMarketingExpenses,otherExpenses,operatingExpenses,costAndExpenses,interestExpense,depreciationAndAmortization,ebitda,ebitdaratio,operatingIncome,operatingIncomeRatio,totalOtherIncomeExpensesNet,incomeBeforeTax,incomeBeforeTaxRatio,incomeTaxExpense,netIncome,netIncomeRatio,eps,epsdiluted,weightedAverageShsOut,weightedAverageShsOutDil,link,finalLink
2020-03-31,V,2020-05-04,2020-05-04 09:04:51,Q2,5854000000,0.0,5854000000,1.0,183000000,269000000,235000000,874000000,1326000000,1930000000,0.0,1897000000,5821000000,0.994362828835,3924000000,0.670310898531,23000000,3829000000,0.65408267851,745000000,3084000000,0.526819268876,2.85,2.85,1708000000,2234000000,https://www.sec.gov/Archives/edgar/data/1403161/000140316120000028/0001403161-20-000028-index.htm,https://www.sec.gov/Archives/edgar/data/1403161/000140316120000028/v033120form10q.htm
2019-12-31,V,2020-01-31,2020-01-31 16:06:01,Q1,6054000000,0.0,6054000000,1.0,181000000,313000000,274000000,964000000,1458000000,2038000000,0.0,1930000000,5946000000,0.982160555005,4016000000,0.663363065742,69000000,3974000000,0.656425503799,702000000,3272000000,0.540469111331,0.0,0.0,0.0,0.0,https://www.sec.gov/Archives/edgar/data/1403161/000140316120000012/0001403161-20-000012-index.htm,https://www.sec.gov/Archives/edgar/data/1403161/000140316120000012/v123119form10q.htm
2019-09-30,V,2019-11-14,2019-11-14 15:35:00,FY,6137000000,0.0,6137000000,1.0,193000000,341000000,306000000,864000000,1398000000,2402000000,0.0,1865000000,5600000000,0.912497963174,3735000000,0.608603552224,96000000,3711000000,0.604692846668,686000000,3025000000,0.492911846179,1.34,1.35,1742000000,2272000000,https://www.sec.gov/Archives/edgar/data/1403161/000140316119000050/0001403161-19-000050-index.htm,https://www.sec.gov/Archives/edgar/data/1403161/000140316119000050/v093019form10k.htm
2019-06-30,V,2019-07-26,2019-07-26 16:07:11,Q3,5840000000,0.0,5840000000,1.0,184000000,315000000,282000000,842000000,1341000000,1932000000,0.0,1711000000,5619000000,0.962157534247,3908000000,0.669178082192,86000000,3866000000,0.66198630137,765000000,3101000000,0.530993150685,1.37,1.36,1748000000,2278000000,https://www.sec.gov/Archives/edgar/data/1403161/000140316119000030/0001403161-19-000030-index.htm,https://www.sec.gov/Archives/edgar/data/1403161/000140316119000030/v63019form10q.htm
2019-03-31,V,2019-04-26,2019-04-26 16:06:57,Q2,5494000000,0.0,5494000000,1.0,171000000,264000000,517000000,824000000,1259000000,1853000000,0.0,1638000000,5279000000,0.960866399709,3641000000,0.662722970513,36000000,3677000000,0.669275573353,700000000,2977000000,0.541863851474,1.31,1.31,1754000000,2285000000,https://www.sec.gov/Archives/edgar/data/1403161/000140316119000017/0001403161-19-000017-index.htm,https://www.sec.gov/Archives/edgar/data/1403161/000140316119000017/v33119form10q.htm
2018-12-31,V,2019-01-31,2019-01-31 16:16:27,Q1,5506000000,0.0,5506000000,1.0,173000000,276000000,0.0,765000000,1214000000,1789000000,0.0,1615000000,5332000000,0.968398111151,3717000000,0.675081729023,-87000000,3630000000,0.659280784599,653000000,2977000000,0.540682891391,1.3,1.3,1760000000,2291000000,https://www.sec.gov/Archives/edgar/data/1403161/000140316119000005/0001403161-19-000005-index.htm,https://www.sec.gov/Archives/edgar/data/1403161/000140316119000005/v123118form10q.htm
2018-09-30,V,2018-11-16,2018-11-16 16:10:27,FY,5434000000,0.0,5434000000,1.0,188000000,457000000,264000000,741000000,1386000000,2028000000,0.0,1665000000,5071000000,0.933198380567,3406000000,0.626794258373,132000000,3538000000,0.651085756349,693000000,2845000000,0.523555391976,1.23,1.23,1792000000,2329000000,https://www.sec.gov/Archives/edgar/data/1403161/000140316118000055/0001403161-18-000055-index.htm,https://www.sec.gov/Archives/edgar/data/1403161/000140316118000055/v093018.htm
2018-06-30,V,2018-07-27,2018-07-27 16:06:49,Q3,5240000000,0.0,5240000000,1.0,169000000,230000000,240000000,768000000,1167000000,2355000000,0.0,1526000000,4411000000,0.84179389313,2885000000,0.550572519084,-73000000,2812000000,0.536641221374,483000000,2329000000,0.444465648855,1.01,1.0,1798000000,2337000000,https://www.sec.gov/Archives/edgar/data/1403161/000140316118000034/0001403161-18-000034-index.htm,https://www.sec.gov/Archives/edgar/data/1403161/000140316118000034/v63018form10q.htm
2018-03-31,V,2018-04-27,2018-04-27 16:06:38,Q2,5073000000,0.0,5073000000,1.0,169000000,222000000,261000000,763000000,1154000000,1737000000,0.0,1442000000,4778000000,0.941849004534,3336000000,0.657599053814,-119000000,3217000000,0.634141533609,612000000,2605000000,0.513502858269,1.12,1.12,1805000000,2345000000,https://www.sec.gov/Archives/edgar/data/1403161/000140316118000020/0001403161-18-000020-index.htm,https://www.sec.gov/Archives/edgar/data/1403161/000140316118000020/v33118form10q.htm
2017-12-31,V,2018-02-01,2018-02-01 16:15:13,Q1,4862000000,0.0,4862000000,1.0,160000000,236000000,223000000,588000000,984000000,1535000000,0.0,1471000000,4798000000,0.986836692719,3327000000,0.684286301933,-88000000,3239000000,0.666186754422,717000000,2522000000,0.51871657754,1.07,1.07,1811000000,2353000000,https://www.sec.gov/Archives/edgar/data/1403161/000140316118000009/0001403161-18-000009-index.htm,https://www.sec.gov/Archives/edgar/data/1403161/000140316118000009/v123117form10q.htm
2017-09-30,V,2017-11-17,2017-11-16 20:07:25,FY,4855000000,0.0,4855000000,1.0,167000000,238000000,290000000,630000000,1035000000,1643000000,0.0,1493000000,4705000000,0.969104016478,3212000000,0.661585993821,-113000000,3099000000,0.6383110195674563,959000000,2140000000,0.440782698249,0.9,0.9,1845000000,2395000000,https://www.sec.gov/Archives/edgar/data/1403161/000140316117000044/0001403161-17-000044-index.htm,https://www.sec.gov/Archives/edgar/data/1403161/000140316117000044/v093017.htm
2017-06-30,V,2017-07-20,2017-07-20 16:12:42,Q3,4565000000,0.0,4565000000,1.0,158000000,230000000,221000000,621000000,1009000000,1541000000,0.0,1279000000,4303000000,0.9426067908,3024000000,0.662431544359,-110000000,2914000000,0.638335158817,855000000,2059000000,0.451040525739,0.86,0.86,1852000000,2404000000,https://www.sec.gov/Archives/edgar/data/1403161/000140316117000037/0001403161-17-000037-index.htm,https://www.sec.gov/Archives/edgar/data/1403161/000140316117000037/v63017form10q.htm
2017-03-31,V,2017-04-21,2017-04-21 08:25:29,Q2,4477000000,0.0,4477000000,1.0,150000000,406000000,193000000,612000000,1168000000,1669000000,0.0,1162000000,3970000000,0.886754523118,2808000000,0.627205718115,-106000000,2702000000,0.603529148984,2272000000,430000000,0.0960464596828,0.18,0.18,1857000000,2413000000,https://www.sec.gov/Archives/edgar/data/1403161/000140316117000028/0001403161-17-000028-index.htm,https://www.sec.gov/Archives/edgar/data/1403161/000140316117000028/v33117form10q.htm
2016-12-31,V,2017-02-02,2017-02-02 16:13:41,Q1,4461000000,0.0,4461000000,1.0,145000000,186000000,218000000,504000000,835000000,1361000000,0.0,1187000000,4287000000,0.960995292535,3100000000,0.694911454831,-121000000,2979000000,0.667787491594,909000000,2070000000,0.464021519839,0.86,0.86,1860000000,2421000000,https://www.sec.gov/Archives/edgar/data/1403161/000140316117000011/0001403161-17-000011-index.htm,https://www.sec.gov/Archives/edgar/data/1403161/000140316117000011/v123116form10q.htm
2016-09-30,V,2016-11-15,2016-11-15 16:44:02,FY,4261000000,0.0,4261000000,1.0,161000000,230000000,300000000,694000000,1085000000,1636000000,0.0,1134000000,3759000000,0.882187279981,2625000000,0.616052569819,-115000000,105000000,0.0246421027928,579000000,1931000000,0.453180004694,0.8,0.79,1906000000,2414000000,https://www.sec.gov/Archives/edgar/data/1403161/000140316116000058/0001403161-16-000058-index.htm,https://www.sec.gov/Archives/edgar/data/1403161/000140316116000058/v093016.htm
2016-06-30,V,2016-07-25,2016-07-25 16:14:07,Q3,3630000000,0.0,3630000000,1.0,123000000,246000000,189000000,283000000,652000000,3202000000,-161000000,959000000,1387000000,0.382093663912,428000000,0.117906336088,-6000000.0,422000000,0.116253443526,10000000,412000000,0.11349862259,0.18,0.18,1915000000,2406000000,https://www.sec.gov/Archives/edgar/data/1403161/000140316116000039/0001403161-16-000039-index.htm,https://www.sec.gov/Archives/edgar/data/1403161/000140316116000039/v63016form10q.htm
2016-03-31,V,2016-04-25,2016-04-25 16:19:11,Q2,3626000000,0.0,3626000000,1.0,126000000,164000000,186000000,588000000,878000000,1192000000,132000000,910000000,3344000000,0.9222283508,2434000000,0.671263099835,7000000.0,2441000000,0.673193601765,734000000,1707000000,0.470766685052,0.71,0.71,1923000000,2416000000,https://www.sec.gov/Archives/edgar/data/1403161/000140316116000022/0001403161-16-000022-index.htm,https://www.sec.gov/Archives/edgar/data/1403161/000140316116000022/v33116form10q.htm
2015-12-31,V,2016-01-28,2016-01-28 16:17:17,Q1,3565000000,0.0,3565000000,1.0,128000000,156000000,194000000,565000000,849000000,1169000000,29000000,908000000,3304000000,0.926788218794,2396000000,0.672089761571,243000000,2639000000,0.740252454418,698000000,1941000000,0.54446002805,0.8,0.8,1937000000,2430000000,https://www.sec.gov/Archives/edgar/data/1403161/000140316116000015/0001403161-16-000015-index.htm,https://www.sec.gov/Archives/edgar/data/1403161/000140316116000015/v123115form10q.htm
2015-09-30,V,2015-11-20,2015-11-19 18:24:51,FY,3571000000,0.0,3571000000,1.0,134000000,143000000,-619000000,640000000,917000000,1288000000,0.0,921000000,3204000000,0.89722766732,2283000000,0.639316718006,0.0,-6712000000,-1.879585550266032,771000000,1512000000,0.423410809297,0.62,0.62,1954000000,2457000000,https://www.sec.gov/Archives/edgar/data/1403161/000140316115000013/0001403161-15-000013-index.htm,https://www.sec.gov/Archives/edgar/data/1403161/000140316115000013/v093015.htm
2015-06-30,V,2015-07-23,2015-07-23 16:21:36,Q3,3518000000,0.0,3518000000,1.0,117000000,137000000,224000000,673000000,927000000,1256000000,0.0,800000000,3062000000,0.870380898238,2262000000,0.642978965321,-94000000,2168000000,0.616259238204,471000000,1697000000,0.482376350199,0.69,0.7,1964000000,2462000000,https://www.sec.gov/Archives/edgar/data/1403161/000140316115000010/0001403161-15-000010-index.htm,https://www.sec.gov/Archives/edgar/data/1403161/000140316115000010/v63015form10q.htm
2015-03-31,V,2015-04-30,2015-04-30 16:25:20,Q2,3409000000,0.0,3409000000,1.0,109000000,141000000,190000000,564000000,814000000,1128000000,0.0,801000000,3082000000,0.904077442065,2281000000,0.669111176298,1000000.0,2948000000,0.864769727193,732000000,1550000000,0.454678791434,-1.27,-1.27,1969000000,2469000000,https://www.sec.gov/Archives/edgar/data/1403161/000140316115000007/0001403161-15-000007-index.htm,https://www.sec.gov/Archives/edgar/data/1403161/000140316115000007/v33115form10q.htm
2014-12-31,V,2015-01-29,2015-01-29 16:17:49,Q1,3382000000,0.0,3382000000,1.0,114000000,126000000,205000000,600000000,840000000,1144000000,0.0,833000000,3071000000,0.908042578356,2238000000,0.661738616203,24000000,1596000000,0.47191011236,693000000,1569000000,0.463926670609,2.54,2.53,494000000,619000000,https://www.sec.gov/Archives/edgar/data/1403161/000140316115000003/0001403161-15-000003-index.htm,https://www.sec.gov/Archives/edgar/data/1403161/000140316115000003/v123114form10q.htm
2014-09-30,V,2014-11-21,2014-11-20 18:57:50,FY,3229000000,0.0,3229000000,1.0,128000000,153000000,241000000,609000000,890000000,1677000000,0.0,880000000,2432000000,0.753174357386,1552000000,0.480644162279,-2000000.0,1072000000,0.331991328585,477000000,1073000000,0.332301021988,1.74,1.73,26000000,631000000,https://www.sec.gov/Archives/edgar/data/1403161/000140316114000017/0001403161-14-000017-index.htm,https://www.sec.gov/Archives/edgar/data/1403161/000140316114000017/v09301410-k.htm
2014-06-30,V,2014-07-24,2014-07-24 16:22:20,Q3,3155000000,0.0,3155000000,1.0,127000000,126000000,228000000,564000000,817000000,1135000000,0.0,747000000,2767000000,0.877020602219,2020000000,0.640253565769,10000000,1318000000,0.417749603803,670000000,1360000000,0.431061806656,2.17,2.17,245000000,26000000,https://www.sec.gov/Archives/edgar/data/1403161/000140316114000012/0001403161-14-000012-index.htm,https://www.sec.gov/Archives/edgar/data/1403161/000140316114000012/v63014form10q.htm
2014-03-31,V,2014-04-24,2014-04-24 16:20:41,Q2,3163000000,0.0,3163000000,1.0,120000000,120000000,245000000,571000000,811000000,1115000000,0.0,694000000,2742000000,0.866898514069,2048000000,0.647486563389,13000000,1581000000,0.499841922226,463000000,1598000000,0.505216566551,3.81,2.52,245000000,26000000,https://www.sec.gov/Archives/edgar/data/1403161/000140316114000008/0001403161-14-000008-index.htm,https://www.sec.gov/Archives/edgar/data/1403161/000140316114000008/v33114form10q.htm
2013-12-31,V,2014-01-30,2014-01-30 07:21:45,Q1,3155000000,0.0,3155000000,1.0,132000000,108000000,186000000,524000000,764000000,1078000000,0.0,706000000,2783000000,0.882091917591,2077000000,0.658320126783,6000000.0,1429000000,0.4529318542,676000000,1407000000,0.445958795563,0.93,2.2,245000000,245000000,https://www.sec.gov/Archives/edgar/data/1403161/000140316114000005/0001403161-14-000005-index.htm,https://www.sec.gov/Archives/edgar/data/1403161/000140316114000005/v123113form10q.htm
2013-09-30,V,2013-11-22,2013-11-21 19:53:37,FY,2973000000,0.0,2973000000,1.0,122000000,129000000,236000000,613000000,864000000,1222000000,0.0,786000000,2537000000,0.853346787756,1751000000,0.588967373024,15000000,1329000000,0.44702320888,574000000,1192000000,0.40094180962,1.85,1.85,28000000,656000000,https://www.sec.gov/Archives/edgar/data/1403161/000140316113000011/0001403161-13-000011-index.htm,https://www.sec.gov/Archives/edgar/data/1403161/000140316113000011/v09301310-k.htm
2013-06-30,V,2013-07-24,2013-07-24 16:25:21,Q3,3001000000,0.0,3001000000,1.0,117000000,108000000,252000000,628000000,853000000,1173000000,0.0,622000000,2450000000,0.816394535155,1828000000,0.609130289903,5000000.0,1242000000,0.413862045985,608000000,1225000000,0.408197267577,1.89,1.88,245000000,29000000,https://www.sec.gov/Archives/edgar/data/1403161/000140316113000007/0001403161-13-000007-index.htm,https://www.sec.gov/Archives/edgar/data/1403161/000140316113000007/v063013form10q.htm
2013-03-31,V,2013-05-01,2013-05-01 16:24:48,Q2,2958000000,0.0,2958000000,1.0,119000000,108000000,195000000,562000000,789000000,1098000000,0.0,665000000,2525000000,0.853617308993,1860000000,0.628803245436,-3000000.0,1274000000,0.430696416498,587000000,1270000000,0.429344151454,1.93,1.93,245000000,29000000,https://www.sec.gov/Archives/edgar/data/1403161/000140316113000004/0001403161-13-000004-index.htm,https://www.sec.gov/Archives/edgar/data/1403161/000140316113000004/v033113form10q.htm
2012-12-31,V,2013-02-06,2013-02-06 16:17:56,Q1,2846000000,0.0,2846000000,1.0,110000000,106000000,193000000,537000000,753000000,1046000000,0.0,645000000,2445000000,0.859100491918,1800000000,0.632466619817,1000000.0,1327000000,0.466268446943,508000000,1293000000,0.454321855235,1.94,1.93,531000000,30000000,https://www.sec.gov/Archives/edgar/data/1403161/000138410813000004/0001384108-13-000004-index.htm,https://www.sec.gov/Archives/edgar/data/1403161/000138410813000004/v123112form10q.htm
2012-09-30,V,2012-11-16,2012-11-15 20:15:57,FY,2731000000,0.0,2731000000,1.0,111000000,131000000,271000000,659000000,901000000,1209000000,-29000000,652000000,2174000000,0.796045404614,1522000000,0.557305016477,66000000,1666000000,0.610032954962,-74000000,1662000000,0.608568290004,2.46,2.45,41000000,678000000,https://www.sec.gov/Archives/edgar/data/1403161/000138410812000011/0001384108-12-000011-index.htm,https://www.sec.gov/Archives/edgar/data/1403161/000138410812000011/v09301210-k.htm
2012-06-30,V,2012-07-27,2012-07-27 16:09:17,Q3,2565000000,0.0,2565000000,1.0,102000000,112000000,242000000,564000000,778000000,5172000000,0.0,698000000,-1909000000,-0.7442495126705653,-2607000000,-1.016374269005848,0.0,-2607000000,-1.016374269005848,-768000000,-1839000000,-0.7169590643274854,-2.7,-2.69,245000000,245000000,https://www.sec.gov/Archives/edgar/data/1403161/000138410812000008/0001384108-12-000008-index.htm,https://www.sec.gov/Archives/edgar/data/1403161/000138410812000008/v63012form10q.htm
2012-03-31,V,2012-05-02,2012-05-02 16:44:29,Q2,2578000000,0.0,2578000000,1.0,103000000,106000000,170000000,491000000,700000000,972000000,0.0,577000000,2183000000,0.846780449961,1606000000,0.622963537626,3000000.0,1288000000,0.499612102405,317000000,1292000000,0.501163692785,1.91,1.91,522000000,683000000,https://www.sec.gov/Archives/edgar/data/1403161/000138410812000004/0001384108-12-000004-index.htm,https://www.sec.gov/Archives/edgar/data/1403161/000138410812000004/v33112form10q.htm
2011-12-31,V,2012-02-08,2012-02-08 16:27:18,Q1,2547000000,0.0,2547000000,1.0,98000000,102000000,190000000,471000000,671000000,929000000,0.0,561000000,2179000000,0.855516293679,1618000000,0.635257165293,-1000000.0,1031000000,0.40478994896,590000000,1029000000,0.404004711425,1.5,1.49,520000000,690000000,https://www.sec.gov/Archives/edgar/data/1403161/000144530512000234/0001445305-12-000234-index.htm,https://www.sec.gov/Archives/edgar/data/1403161/000144530512000234/v123111form10q.htm
2011-09-30,V,2011-11-18,2011-11-17 19:39:34,FY,2383000000,0.0,2383000000,1.0,106000000,95000000,239000000,508000000,709000000,1021000000,0.0,653000000,2015000000,0.845572807386,1362000000,0.571548468317,-8000000.0,2873000000,1.20562316408,476000000,880000000,0.369282417121,1.28,1.27,70000000,70000000,https://www.sec.gov/Archives/edgar/data/1403161/000119312511315956/0001193125-11-315956-index.htm,https://www.sec.gov/Archives/edgar/data/1403161/000119312511315956/d218694d10k.htm
2011-06-30,V,2011-07-29,2011-07-29 11:46:15,Q3,2322000000,0.0,2322000000,1.0,91000000,114000000,251000000,512000000,717000000,977000000,0.0,522000000,1867000000,0.804048234281,1345000000,0.57924203273,198000000,1007000000,0.43367786391,539000000,1005000000,0.432816537468,1.43,1.43,78000000,78000000,https://www.sec.gov/Archives/edgar/data/1403161/000119312511202235/0001193125-11-202235-index.htm,https://www.sec.gov/Archives/edgar/data/1403161/000119312511202235/d10q.htm
2011-03-31,V,2011-05-05,2011-05-05 16:31:33,Q2,2245000000,0.0,2245000000,1.0,80000000,95000000,183000000,442000000,617000000,862000000,0.0,521000000,1904000000,0.848106904232,1383000000,0.616035634744,-6000000.0,891000000,0.396881959911,497000000,881000000,0.392427616927,1.24,1.23,499000000,717000000,https://www.sec.gov/Archives/edgar/data/1403161/000119312511128562/0001193125-11-128562-index.htm,https://www.sec.gov/Archives/edgar/data/1403161/000119312511128562/d10q.htm
2010-12-31,V,2011-02-02,2011-02-02 16:18:08,Q1,2238000000,0.0,2238000000,1.0,80000000,110000000,197000000,478000000,668000000,872000000,0.0,472000000,1838000000,0.82126899017,1366000000,0.61036639857,16000000,885000000,0.395442359249,498000000,884000000,0.394995531725,1.23,1.23,494000000,719000000,https://www.sec.gov/Archives/edgar/data/1403161/000119312511021871/0001193125-11-021871-index.htm,https://www.sec.gov/Archives/edgar/data/1403161/000119312511021871/d10q.htm
2010-09-30,V,2010-11-19,2010-11-19 16:10:39,FY,2117000000,0.0,2117000000,1.0,119000000,117000000,233000000,467000000,703000000,1004000000,15000000,499000000,1612000000,0.761454888994,1113000000,0.525743977326,82000000,704000000,0.332546055739,422000000,774000000,0.365611714691,1.06,1.05,482000000,739000000,https://www.sec.gov/Archives/edgar/data/1403161/000119312510265236/0001193125-10-265236-index.htm,https://www.sec.gov/Archives/edgar/data/1403161/000119312510265236/d10k.htm
2010-06-30,V,2010-08-02,2010-07-30 19:14:09,Q3,2029000000,0.0,2029000000,1.0,103000000,87000000,277000000,459000000,649000000,892000000,13000000,456000000,1593000000,0.785115820601,1137000000,0.560374568753,-15000000,733000000,0.361261705274,406000000,716000000,0.352883193691,0.98,0.97,478000000,742000000,https://www.sec.gov/Archives/edgar/data/1403161/000119312510172477/0001193125-10-172477-index.htm,https://www.sec.gov/Archives/edgar/data/1403161/000119312510172477/d10q.htm
2010-03-31,V,2010-05-03,2010-04-30 21:17:07,Q2,3919000000,0.0,3919000000,1.0,203000000,155000000,238000000,835000000,1193000000,1580000000,44000000,870000000,3209000000,0.818831334524,2339000000,0.596835927533,-18000000,1564000000,0.399081398316,846000000,1476000000,0.376626690482,1.99,1.99,470000000,743000000,https://www.sec.gov/Archives/edgar/data/1403161/000119312510102602/0001193125-10-102602-index.htm,https://www.sec.gov/Archives/edgar/data/1403161/000119312510102602/d10q.htm
2009-12-31,V,2010-02-03,2010-02-03 16:32:45,Q1,1960000000,0.0,1960000000,1.0,0.0,0.0,216000000,527000000,743000000,743000000,16000000,62000000,1279000000,0.6525510204081633,1217000000,0.6209183673469387,0.0,1208000000,0.6163265306122448,445000000,763000000,0.3892857142857143,0.0,0.0,756591639,756591639,https://www.sec.gov/Archives/edgar/data/1403161/000119312510020834/0001193125-10-020834-index.htm,https://www.sec.gov/Archives/edgar/data/1403161/000119312510020834/d10q.htm
2009-09-30,V,2009-11-20,2009-11-20 16:07:00,FY,1879000000,0.0,1879000000,1.0,0.0,0.0,283000000,727000000,1010000000,1010000000,25000000,226000000,1095000000,0.5827567855242151,869000000,0.4624800425758382,-6000000.0,863000000,0.4592868547099521,349000000,514000000,0.27354976051091007,3.11,3.11,756591639,756591639,https://www.sec.gov/Archives/edgar/data/1403161/000119312509239249/0001193125-09-239249-index.htm,https://www.sec.gov/Archives/edgar/data/1403161/000119312509239249/d10k.htm
2009-06-30,V,2009-07-30,2009-07-30 17:05:49,Q3,1646000000,0.0,1646000000,1.0,0.0,0.0,229000000,595000000,824000000,824000000,30000000,0.0,822000000,0.4993924665856622,822000000,0.4993924665856622,475000000,1297000000,0.7879708383961118,568000000,729000000,0.44289185905224787,2.42,2.42,759917355,759917355,https://www.sec.gov/Archives/edgar/data/1403161/000119312509159678/0001193125-09-159678-index.htm,https://www.sec.gov/Archives/edgar/data/1403161/000119312509159678/d10q.htm
2009-03-31,V,2009-05-06,2009-05-06 09:29:44,Q2,1647000000,0.0,1647000000,1.0,0.0,0.0,196000000,570000000,766000000,766000000,30000000,0.0,881000000,0.5349119611414693,881000000,0.5349119611414693,6000000.0,887000000,0.5385549483910139,352000000,536000000,0.3254401942926533,1.45,1.45,765517241,765517241,https://www.sec.gov/Archives/edgar/data/1403161/000119312509100928/0001193125-09-100928-index.htm,https://www.sec.gov/Archives/edgar/data/1403161/000119312509100928/d10q.htm
2008-12-31,V,2009-02-09,2009-02-09 15:47:44,Q1,1739000000,0.0,1739000000,1.0,0.0,0.0,210000000,563000000,773000000,773000000,30000000,0.0,966000000,0.5554916618746406,966000000,0.5554916618746406,-13000000,953000000,0.5480161012075906,379000000,574000000,0.3300747556066705,0.0,0.0,837500000,837500000,https://www.sec.gov/Archives/edgar/data/1403161/000119312509022518/0001193125-09-022518-index.htm,https://www.sec.gov/Archives/edgar/data/1403161/000119312509022518/d10q.htm
2008-09-30,V,2008-11-21,2008-11-20 21:38:24,FY,1709000000,0.0,1709000000,1.0,0.0,0.0,320000000,1832000000,2152000000,2152000000,27000000,237000000,-206000000,-0.12053832650672908,-443000000,-0.2592159157401989,12000000,-431000000,-0.2521942656524283,-75000000,-356000000,-0.2083089526038619,0.96,0.96,837500000,837500000,https://www.sec.gov/Archives/edgar/data/1403161/000119312508240384/0001193125-08-240384-index.htm,https://www.sec.gov/Archives/edgar/data/1403161/000119312508240384/d10k.htm
2008-06-30,V,2008-08-13,2008-08-13 13:56:34,Q3,1613000000,0.0,1613000000,1.0,0.0,0.0,271000000,694000000,965000000,965000000,30000000,0.0,648000000,0.40173589584624925,648000000,0.40173589584624925,66000000,714000000,0.4426534407935524,292000000,422000000,0.2616243025418475,1.44,1.44,805555555,805555555,https://www.sec.gov/Archives/edgar/data/1403161/000119312508176170/0001193125-08-176170-index.htm,https://www.sec.gov/Archives/edgar/data/1403161/000119312508176170/d10q.htm
2008-03-31,V,2008-05-13,2008-05-13 16:23:12,Q2,2941000000,0.0,2941000000,1.0,0.0,0.0,425000000,1489000000,1914000000,1914000000,86000000,-62000000,965000000,0.32811968718123086,1027000000,0.3492009520571234,26000000,1053000000,0.35804148248894935,315000000,738000000,0.2509350561033662,0.93,0.93,793548387,793548387,https://www.sec.gov/Archives/edgar/data/1403161/000119312508113141/0001193125-08-113141-index.htm,https://www.sec.gov/Archives/edgar/data/1403161/000119312508113141/d10q.htm
2007-12-31,V,2008-02-04,2008-02-04 16:49:54,Q1,5193000000,0.0,5193000000,1.0,0.0,0.0,1075000000,5234000000,6309000000,6309000000,97000000,62000000,-1054000000,-0.20296553052185634,-1116000000,-0.21490467937608318,108000000,-1008000000,-0.19410745233968804,-147000000,-861000000,-0.1658001155401502,-1.11,-1.11,775675675,775675675,https://www.sec.gov/Archives/edgar/data/1403161/000119312508019208/0001193125-08-019208-index.htm,https://www.sec.gov/Archives/edgar/data/1403161/000119312508019208/d10q.htm
