date,symbol,fillingDate,acceptedDate,period,revenue,costOfRevenue,grossProfit,grossProfitRatio,researchAndDevelopmentExpenses,generalAndAdministrativeExpenses,sellingAndMarketingExpenses,otherExpenses,operatingExpenses,costAndExpenses,interestExpense,depreciationAndAmortization,ebitda,ebitdaratio,operatingIncome,operatingIncomeRatio,totalOtherIncomeExpensesNet,incomeBeforeTax,incomeBeforeTaxRatio,incomeTaxExpense,netIncome,netIncomeRatio,eps,epsdiluted,weightedAverageShsOut,weightedAverageShsOutDil,link,finalLink
2020-03-31,VZ,2020-04-27,2020-04-27 11:29:02,Q1,31610000000,7754000000,23856000000,0.7546978804175893,0.0,8585000000,0.0,16446000000,8585000000,25031000000,1034000000,4150000000,10729000000,0.339417905726,6579000000,0.2081303385,143000000,5676000000,0.179563429295,1389000000,4156000000,0.131477380576,1.0,1.0,4139000000,4141000000,https://www.sec.gov/Archives/edgar/data/732712/000073271220000027/0000732712-20-000027-index.htm,https://www.sec.gov/Archives/edgar/data/732712/000073271220000027/a2020q110-q.htm
2019-12-31,VZ,2020-02-21,2020-02-21 11:20:18,FY,34775000000,8376000000,26399000000,0.759137311286844,0.0,8214000000,0.0,19922000000,8214000000,28136000000,1159000000,4105000000,10744000000,0.308957584472,6639000000,0.190913012221,-1773000000,3712000000,0.106743350108,1505000000,5095000000,0.146513299784,1.24,1.23,4138000000,4140000000,https://www.sec.gov/Archives/edgar/data/732712/000073271220000014/0000732712-20-000014-index.htm,https://www.sec.gov/Archives/edgar/data/732712/000073271220000014/a2019q410-k.htm
2019-09-30,VZ,2019-10-30,2019-10-30 12:18:19,Q3,32894000000,7902000000,24992000000,0.7597738189335441,0.0,7216000000,0.0,17498000000,7216000000,24714000000,1146000000,4114000000,12294000000,0.37374597191,8180000000,0.248677570378,-110000000,6923000000,0.210463914392,1586000000,5194000000,0.157901136985,1.25,1.25,4138000000,4140000000,https://www.sec.gov/Archives/edgar/data/732712/000073271219000063/0000732712-19-000063-index.htm,https://www.sec.gov/Archives/edgar/data/732712/000073271219000063/a2019q310-q.htm
2019-06-30,VZ,2019-08-08,2019-08-08 13:04:24,Q2,32071000000,7702000000,24369000000,0.7598453431448973,0.0,7268000000,0.0,16953000000,7268000000,24221000000,1215000000,4232000000,12082000000,0.376726637772,7850000000,0.244769417854,-1312000000,5310000000,0.165570141249,1236000000,3944000000,0.122977144461,0.95,0.95,4138000000,4140000000,https://www.sec.gov/Archives/edgar/data/732712/000073271219000052/0000732712-19-000052-index.htm,https://www.sec.gov/Archives/edgar/data/732712/000073271219000052/a2019q210-q.htm
2019-03-31,VZ,2019-04-26,2019-04-26 11:48:08,Q1,32128000000,7792000000,24336000000,0.7574701195219123,0.0,7198000000,0.0,17221000000,7198000000,24419000000,1210000000,4231000000,11940000000,0.371638446215,7709000000,0.239946464143,295000000,6788000000,0.211279880478,1628000000,5032000000,0.156623505976,1.22,1.22,4138000000,4140000000,https://www.sec.gov/Archives/edgar/data/732712/000073271219000024/0000732712-19-000024-index.htm,https://www.sec.gov/Archives/edgar/data/732712/000073271219000024/a2019q110-q.htm
2018-12-31,VZ,2019-02-15,2019-02-15 13:42:40,FY,34281000000,7128000000,27153000000,0.79207140981885,0.0,9410000000,0.0,24234000000,9410000000,33644000000,1199000000,4352000000,4989000000,0.14553251072,637000000,0.0185817216534,1865000000,1367000000,0.0398763163268,698000000,1939000000,0.056561943934,0.47,0.47,4128000000,4132000000,https://www.sec.gov/Archives/edgar/data/732712/000073271219000012/0000732712-19-000012-index.htm,https://www.sec.gov/Archives/edgar/data/732712/000073271219000012/a2018q410-k.htm
2018-09-30,VZ,2018-10-30,2018-10-30 11:47:34,Q3,32607000000,5489000000,27118000000,0.8316619130861471,0.0,7224000000,0.0,17708000000,7224000000,24932000000,1211000000,4377000000,12052000000,0.369613886589,7675000000,0.23537890637,214000000,6675000000,0.204710644954,1613000000,4924000000,0.151010519214,1.19,1.19,4125000000,4129000000,https://www.sec.gov/Archives/edgar/data/732712/000073271218000055/0000732712-18-000055-index.htm,https://www.sec.gov/Archives/edgar/data/732712/000073271218000055/a2018q310-q.htm
2018-06-30,VZ,2018-07-31,2018-07-31 10:59:56,Q2,32203000000,5397000000,26806000000,0.8324069186100674,0.0,7605000000,0.0,17981000000,7605000000,25586000000,1222000000,4350000000,10967000000,0.340558333075,6617000000,0.20547775052,285000000,5527000000,0.171629972363,1281000000,4120000000,0.127938390833,0.99,0.99,4120000000,4123000000,https://www.sec.gov/Archives/edgar/data/732712/000073271218000044/0000732712-18-000044-index.htm,https://www.sec.gov/Archives/edgar/data/732712/000073271218000044/a2018q210-q.htm
2018-03-31,VZ,2018-05-01,2018-05-01 12:36:20,Q1,31772000000,5309000000,26463000000,0.8329031851945109,0.0,6844000000,0.0,17579000000,6844000000,24423000000,1201000000,4324000000,11673000000,0.367398967644,7349000000,0.231304293088,0.0,6054000000,0.19054513408,1388000000,4545000000,0.143050484704,1.11,1.11,4104000000,4107000000,https://www.sec.gov/Archives/edgar/data/732712/000073271218000022/0000732712-18-000022-index.htm,https://www.sec.gov/Archives/edgar/data/732712/000073271218000022/a2018q110-q.htm
2017-12-31,VZ,2018-02-23,2018-02-23 13:15:54,FY,33955000000,7339000000,26616000000,0.7838609924900604,0.0,9531000000,0.0,-948000000,9531000000,29162000000,1219000000,4456000000,9249000000,0.272389927846,4793000000,0.141157414225,-634000000,2934000000,0.0864084818142,15849000000,18669000000,0.549815932852,4.57,4.56,4084000000,4089000000,https://www.sec.gov/Archives/edgar/data/732712/000073271218000009/0000732712-18-000009-index.htm,https://www.sec.gov/Archives/edgar/data/732712/000073271218000009/a201710-k.htm
2017-09-30,VZ,2017-10-26,2017-10-26 12:37:49,Q3,31717000000,4965000000,26752000000,0.8434593435696944,0.0,7632000000,0.0,37456000000,7632000000,24509000000,1164000000,4272000000,11480000000,0.361951004193,7208000000,0.227259829114,-1376000000,5511000000,0.173755399313,1775000000,3620000000,0.114134375887,0.89,0.89,4083000000,4088000000,https://www.sec.gov/Archives/edgar/data/732712/000073271217000009/0000732712-17-000009-index.htm,https://www.sec.gov/Archives/edgar/data/732712/000073271217000009/a2017q310-q.htm
2017-06-30,VZ,2017-08-03,2017-08-03 13:47:21,Q2,30548000000,5035000000,25513000000,0.8351774256907163,0.0,6039000000,0.0,16277000000,6039000000,22316000000,1218000000,4167000000,12399000000,0.405885819039,8232000000,0.269477543538,846000000,6967000000,0.228067303915,2489000000,4362000000,0.142791672123,1.06,1.07,4082000000,4088000000,https://www.sec.gov/Archives/edgar/data/732712/000119312517247167/0001193125-17-247167-index.htm,https://www.sec.gov/Archives/edgar/data/732712/000119312517247167/d427004d10q.htm
2017-03-31,VZ,2017-04-27,2017-04-27 12:13:21,Q1,29814000000,4808000000,25006000000,0.8387334809150063,0.0,6908000000,0.0,15725000000,6908000000,22633000000,1132000000,4059000000,11240000000,0.377004092037,7181000000,0.240859998658,-846000000,5182000000,0.173810961293,1629000000,3450000000,0.115717448179,0.85,0.84,4082000000,4087000000,https://www.sec.gov/Archives/edgar/data/732712/000119312517141799/0001193125-17-141799-index.htm,https://www.sec.gov/Archives/edgar/data/732712/000119312517141799/d303348d10q.htm
2016-12-31,VZ,2017-02-21,2017-02-21 15:21:12,FY,32340000000,7356000000,24984000000,0.7725417439703154,0.0,5968000000,0.0,18349000000,5968000000,24317000000,1137000000,3987000000,12010000000,0.37136672851,8023000000,0.248082869511,98000000,6949000000,0.214873222016,2349000000,4495000000,0.138991960421,1.1,1.1,4080000000,4086000000,https://www.sec.gov/Archives/edgar/data/732712/000119312517050292/0001193125-17-050292-index.htm,https://www.sec.gov/Archives/edgar/data/732712/000119312517050292/d296602d10k.htm
2016-09-30,VZ,2016-10-26,2016-10-26 09:32:53,Q3,30937000000,5240000000,25697000000,0.8306235252286905,0.0,8226000000,0.0,16171000000,8226000000,24397000000,1038000000,3942000000,10482000000,0.338817597052,6540000000,0.211397355917,97000000,5576000000,0.18023725636,1829000000,3620000000,0.117011992113,0.89,0.88,4080000000,4086000000,https://www.sec.gov/Archives/edgar/data/732712/000119312516747399/0001193125-16-747399-index.htm,https://www.sec.gov/Archives/edgar/data/732712/000119312516747399/d257047d10q.htm
2016-06-30,VZ,2016-07-29,2016-07-29 14:00:12,Q2,30532000000,4644000000,25888000000,0.847897288091183,0.0,9775000000,0.0,16203000000,9775000000,25978000000,1013000000,3982000000,8536000000,0.279575527316,4554000000,0.149154984934,-1826000000,1695000000,0.0555155246954,864000000,702000000,0.0229922704048,0.17,0.17,4080000000,4085000000,https://www.sec.gov/Archives/edgar/data/732712/000119312516664131/0001193125-16-664131-index.htm,https://www.sec.gov/Archives/edgar/data/732712/000119312516664131/d211980d10q.htm
2016-03-31,VZ,2016-04-28,2016-04-28 12:22:25,Q1,32171000000,4998000000,27173000000,0.8446426906219887,0.0,7600000000,0.0,16629000000,7600000000,24229000000,1188000000,4017000000,11959000000,0.371732305493,7942000000,0.246868297535,32000000,6766000000,0.210313636505,2336000000,4310000000,0.13397158932,1.06,1.06,4080000000,4085000000,https://www.sec.gov/Archives/edgar/data/732712/000119312516562197/0001193125-16-562197-index.htm,https://www.sec.gov/Archives/edgar/data/732712/000119312516562197/d160878d10q.htm
2015-12-31,VZ,2016-02-23,2016-02-23 15:09:48,FY,34254000000,6840000000,27414000000,0.8003152916447714,0.0,5764000000,0.0,18746000000,5764000000,24510000000,1178000000,4039000000,13783000000,0.402376364804,9744000000,0.284463128394,28000000,8578000000,0.250423308227,3065000000,5391000000,0.157383079348,1.33,1.32,4085000000,4093000000,https://www.sec.gov/Archives/edgar/data/732712/000119312516473367/0001193125-16-473367-index.htm,https://www.sec.gov/Archives/edgar/data/732712/000119312516473367/d35513d10k.htm
2015-09-30,VZ,2015-10-27,2015-10-27 14:55:42,Q3,33158000000,5716000000,27442000000,0.8276132456722359,0.0,8309000000,0.0,17314000000,8309000000,25623000000,1202000000,4009000000,11544000000,0.34815127571,7535000000,0.227245310332,51000000,6366000000,0.191989866699,2195000000,4038000000,0.121780565776,0.99,0.99,4089000000,4095000000,https://www.sec.gov/Archives/edgar/data/732712/000119312515354559/0001193125-15-354559-index.htm,https://www.sec.gov/Archives/edgar/data/732712/000119312515354559/d65996d10q.htm
2015-06-30,VZ,2015-07-28,2015-07-28 14:40:27,Q2,32224000000,12449000000,19775000000,0.6136730387288977,0.0,7974000000,0.0,16429000000,7974000000,24403000000,1208000000,3980000000,11801000000,0.366217725919,7821000000,0.242707298908,32000000,6627000000,0.205654170804,2274000000,4231000000,0.131299652433,1.03,1.04,4097000000,4103000000,https://www.sec.gov/Archives/edgar/data/732712/000119312515265779/0001193125-15-265779-index.htm,https://www.sec.gov/Archives/edgar/data/732712/000119312515265779/d940792d10q.htm
2015-03-31,VZ,2015-04-28,2015-04-28 09:58:07,Q1,31984000000,12096000000,19888000000,0.6218109054527263,0.0,7939000000,0.0,16085000000,7939000000,24024000000,1332000000,3989000000,11949000000,0.373593046523,7960000000,0.248874437219,75000000,6669000000,0.208510505253,2331000000,4219000000,0.131909704852,1.03,1.02,4116000000,4121000000,https://www.sec.gov/Archives/edgar/data/732712/000119312515151315/0001193125-15-151315-index.htm,https://www.sec.gov/Archives/edgar/data/732712/000119312515151315/d888393d10q.htm
2014-12-31,VZ,2015-02-23,2015-02-23 13:10:04,FY,33192000000,14403000000,18789000000,0.5660701373825018,0.0,16857000000,0.0,18471000000,16857000000,35328000000,1282000000,4068000000,1932000000,0.0582067968185,-2136000000,-0.064352856109906,-437000000,-3886000000,-0.1170764039527597,1738000000,-2148000000,-0.06471438900939985,-0.61,-0.61,3974000000,3981000000,https://www.sec.gov/Archives/edgar/data/732712/000119312515057710/0001193125-15-057710-index.htm,https://www.sec.gov/Archives/edgar/data/732712/000119312515057710/d820819d10k.htm
2014-09-30,VZ,2014-10-28,2014-10-28 11:37:32,Q3,31586000000,12252000000,19334000000,0.6121066295194073,0.0,8277000000,0.0,16419000000,8277000000,24696000000,1255000000,4167000000,11057000000,0.350060153232,6890000000,0.218134616602,71000000,5658000000,0.179129994301,1864000000,3695000000,0.116982207307,0.88,0.88,3912000000,3919000000,https://www.sec.gov/Archives/edgar/data/732712/000119312514384533/0001193125-14-384533-index.htm,https://www.sec.gov/Archives/edgar/data/732712/000119312514384533/d787433d10q.htm
2014-06-30,VZ,2014-07-29,2014-07-29 14:00:38,Q2,31483000000,12087000000,19396000000,0.616078518565575,0.0,7550000000,0.0,16248000000,7550000000,23798000000,1164000000,4161000000,11846000000,0.376266556554,7685000000,0.244099990471,66000000,6544000000,0.207858209192,2220000000,4214000000,0.133850014293,1.0,1.0,3789000000,3795000000,https://www.sec.gov/Archives/edgar/data/732712/000119312514284281/0001193125-14-284281-index.htm,https://www.sec.gov/Archives/edgar/data/732712/000119312514284281/d741984d10q.htm
2014-03-31,VZ,2014-04-29,2014-04-29 14:18:02,Q1,30818000000,11189000000,19629000000,0.6369329612564086,0.0,8332000000,0.0,15326000000,8332000000,23658000000,1214000000,4137000000,11297000000,0.366571484198,7160000000,0.23233175417,-894000000,6954000000,0.225647348952,968000000,3947000000,0.128074501914,1.15,1.15,3425000000,3430000000,https://www.sec.gov/Archives/edgar/data/732712/000119312514166563/0001193125-14-166563-index.htm,https://www.sec.gov/Archives/edgar/data/732712/000119312514166563/d692729d10q.htm
2013-12-31,VZ,2014-02-27,2014-02-27 16:47:50,FY,31065000000,11962000000,19103000000,0.614936423627877,0.0,2857000000,0.0,16145000000,2857000000,19002000000,1061000000,4183000000,16246000000,0.522967970385,12063000000,0.388314823757,-250000000,10760000000,0.34637051344,2844000000,5067000000,0.163109608885,1.77,1.76,2866000000,2874000000,https://www.sec.gov/Archives/edgar/data/732712/000119312514073266/0001193125-14-073266-index.htm,https://www.sec.gov/Archives/edgar/data/732712/000119312514073266/d622994d10k.htm
2013-09-30,VZ,2013-10-24,2013-10-24 16:34:32,Q3,30279000000,10960000000,19319000000,0.638032960137389,0.0,8037000000,0.0,15114000000,8037000000,23151000000,555000000,4154000000,11282000000,0.372601472968,7128000000,0.23541068067,20000000,6612000000,0.218369166749,1034000000,2232000000,0.0737144555633,0.78,0.78,2866000000,2874000000,https://www.sec.gov/Archives/edgar/data/732712/000119312513409932/0001193125-13-409932-index.htm,https://www.sec.gov/Archives/edgar/data/732712/000119312513409932/d593853d10q.htm
2013-06-30,VZ,2013-07-25,2013-07-25 15:16:33,Q2,29786000000,11033000000,18753000000,0.6295910830591553,0.0,8047000000,0.0,15184000000,8047000000,23231000000,514000000,4151000000,10706000000,0.359430604982,6555000000,0.220069831464,25000000,6186000000,0.207681461089,988000000,2246000000,0.0754045524743,0.78,0.78,2866000000,2873000000,https://www.sec.gov/Archives/edgar/data/732712/000119312513302540/0001193125-13-302540-index.htm,https://www.sec.gov/Archives/edgar/data/732712/000119312513302540/d546205d10q.htm
2013-03-31,VZ,2013-04-25,2013-04-25 12:07:57,Q1,29420000000,10932000000,18488000000,0.6284160435078178,0.0,8148000000,0.0,15050000000,8148000000,23198000000,537000000,4118000000,10340000000,0.351461590755,6222000000,0.211488783141,39000000,5719000000,0.19439157036,864000000,1952000000,0.0663494221618,0.68,0.68,2866000000,2872000000,https://www.sec.gov/Archives/edgar/data/732712/000119312513172825/0001193125-13-172825-index.htm,https://www.sec.gov/Archives/edgar/data/732712/000119312513172825/d501429d10q.htm
2012-12-31,VZ,2013-02-26,2013-02-26 10:36:58,FY,30045000000,13069000000,16976000000,0.565019137959727,0.0,16008000000,0.0,17206000000,16008000000,33214000000,575000000,4137000000,968000000,0.0322183391579,-3169000000,-0.1054751206523548,-1079000000,-4736000000,-0.15763022133466467,2810000000,-1926000000,-0.06410384423364952,-1.48,-1.48,2853000000,2862000000,https://www.sec.gov/Archives/edgar/data/732712/000119312513075713/0001193125-13-075713-index.htm,https://www.sec.gov/Archives/edgar/data/732712/000119312513075713/d441535d10k.htm
2012-09-30,VZ,2012-10-25,2012-10-25 16:57:14,Q3,29007000000,10991000000,18016000000,0.6210914606819044,0.0,8366000000,0.0,15158000000,8366000000,23524000000,632000000,4167000000,9650000000,0.332678319026,5483000000,0.189023339194,10000000,4923000000,0.169717654359,631000000,1593000000,0.0549177784673,0.56,0.56,2850000000,2859000000,https://www.sec.gov/Archives/edgar/data/732712/000119312512435626/0001193125-12-435626-index.htm,https://www.sec.gov/Archives/edgar/data/732712/000119312512435626/d405314d10q.htm
2012-06-30,VZ,2012-07-30,2012-07-30 16:47:39,Q2,28552000000,10896000000,17656000000,0.6183804987391426,0.0,7877000000,0.0,15024000000,7877000000,22901000000,679000000,4128000000,9779000000,0.342497898571,5651000000,0.197919585318,34000000,5078000000,0.177850938638,793000000,1825000000,0.0639184645559,0.64,0.64,2846000000,2854000000,https://www.sec.gov/Archives/edgar/data/732712/000119312512322636/0001193125-12-322636-index.htm,https://www.sec.gov/Archives/edgar/data/732712/000119312512322636/d357176d10q.htm
2012-03-31,VZ,2012-04-26,2012-04-26 16:46:37,Q1,28242000000,11319000000,16923000000,0.5992139366900361,0.0,7700000000,0.0,15347000000,7700000000,23047000000,685000000,4028000000,9223000000,0.326570356207,5195000000,0.183945896183,19000000,4632000000,0.164011047376,726000000,1686000000,0.0596983216486,0.59,0.59,2842000000,2849000000,https://www.sec.gov/Archives/edgar/data/732712/000119312512186263/0001193125-12-186263-index.htm,https://www.sec.gov/Archives/edgar/data/732712/000119312512186263/d317161d10q.htm
2011-12-31,VZ,2012-02-24,2012-02-24 15:10:22,FY,28436000000,12090000000,16346000000,0.5748347165564777,0.0,13278000000,0.0,16270000000,13278000000,29548000000,703000000,4180000000,3068000000,0.107891405261,-1112000000,-0.03910535940357294,-84000000,-1802000000,-0.06337037558025038,1590000000,-212000000,-0.007455338303558869,-0.71,-0.71,2833000000,2839000000,https://www.sec.gov/Archives/edgar/data/732712/000119312512077846/0001193125-12-077846-index.htm,https://www.sec.gov/Archives/edgar/data/732712/000119312512077846/d257450d10k.htm
2011-09-30,VZ,2011-10-25,2011-10-25 17:00:42,Q3,27913000000,11398000000,16515000000,0.5916598000931466,0.0,7689000000,0.0,15577000000,7689000000,23266000000,698000000,4179000000,8826000000,0.316196754201,4647000000,0.166481567728,24000000,4098000000,0.146813312793,556000000,1379000000,0.0494035037438,0.48,0.49,2832000000,2838000000,https://www.sec.gov/Archives/edgar/data/732712/000119312511280401/0001193125-11-280401-index.htm,https://www.sec.gov/Archives/edgar/data/732712/000119312511280401/d233490d10q.htm
2011-06-30,VZ,2011-07-28,2011-07-28 17:04:52,Q2,27536000000,11158000000,16378000000,0.5947850087158628,0.0,7373000000,0.0,15271000000,7373000000,22644000000,717000000,4113000000,9005000000,0.327026438117,4892000000,0.177658338175,10000000,4306000000,0.156377106334,702000000,1609000000,0.0584325973271,0.57,0.56,2831000000,2837000000,https://www.sec.gov/Archives/edgar/data/732712/000119312511201011/0001193125-11-201011-index.htm,https://www.sec.gov/Archives/edgar/data/732712/000119312511201011/d10q.htm
2011-03-31,VZ,2011-04-28,2011-04-28 11:50:06,Q1,26990000000,11229000000,15761000000,0.5839570211189329,0.0,7284000000,0.0,15253000000,7284000000,22537000000,709000000,4024000000,8477000000,0.314079288625,4453000000,0.164987032234,36000000,3881000000,0.143793997777,617000000,1439000000,0.0533160429789,0.51,0.51,2830000000,2834000000,https://www.sec.gov/Archives/edgar/data/732712/000119312511113952/0001193125-11-113952-index.htm,https://www.sec.gov/Archives/edgar/data/732712/000119312511113952/d10q.htm
2010-12-31,VZ,2011-02-28,2011-02-28 14:32:38,FY,26395000000,9943000000,16452000000,0.6232998673991286,0.0,7858000000,0.0,14029000000,7858000000,21887000000,567000000,4086000000,8594000000,0.325591968176,4508000000,0.170789922334,42000000,3992000000,0.151240765296,630000000,1457000000,0.0551998484561,0.51,0.51,2830000000,2833000000,https://www.sec.gov/Archives/edgar/data/732712/000119312511049476/0001193125-11-049476-index.htm,https://www.sec.gov/Archives/edgar/data/732712/000119312511049476/d10k.htm
2010-09-30,VZ,2010-10-28,2010-10-28 15:59:47,Q3,26484000000,11250000000,15234000000,0.5752152242863616,0.0,7465000000,0.0,15272000000,7465000000,22737000000,597000000,4022000000,7769000000,0.293346926446,3747000000,0.141481649298,-50000000,3241000000,0.122375774052,321000000,881000000,0.0332653677692,0.32,0.32,2830000000,2833000000,https://www.sec.gov/Archives/edgar/data/732712/000119312510239707/0001193125-10-239707-index.htm,https://www.sec.gov/Archives/edgar/data/732712/000119312510239707/d10q.htm
2010-06-30,VZ,2010-07-29,2010-07-29 15:37:41,Q2,26773000000,12239000000,14534000000,0.5428603443767975,0.0,8319000000,0.0,16415000000,8319000000,24734000000,679000000,4176000000,6215000000,0.232136854294,2039000000,0.0761588167183,17000000,1498000000,0.0559518918313,49000000,1547000000,0.05778209390057147,-0.07,-0.07,2831000000,2833000000,https://www.sec.gov/Archives/edgar/data/732712/000119312510170567/0001193125-10-170567-index.htm,https://www.sec.gov/Archives/edgar/data/732712/000119312510170567/d10q.htm
2010-03-31,VZ,2010-04-28,2010-04-28 13:27:26,Q1,26913000000,10717000000,16196000000,0.6017909560435477,0.0,7724000000,0.0,14838000000,7724000000,22562000000,680000000,4121000000,8472000000,0.314792107903,4351000000,0.161669081856,45000000,3849000000,0.143016386133,1565000000,409000000,0.0151971166351,0.14,0.14,2836000000,2837000000,https://www.sec.gov/Archives/edgar/data/732712/000119312510096291/0001193125-10-096291-index.htm,https://www.sec.gov/Archives/edgar/data/732712/000119312510096291/d10q.htm
2009-12-31,VZ,2010-02-26,2010-02-26 08:02:44,FY,27091000000,12514000000,14577000000,0.538075375585988,0.0,9407000000,0.0,16755000000,26162000000,38676000000,686000000,4241000000,5170000000,0.1908382857775645,929000000,0.034291831235465656,13000000,387000000,0.014285186962459857,714000000,1101000000,0.04064080321878114,1.29,1.29,2841000000,2841000000,https://www.sec.gov/Archives/edgar/data/732712/000119312510041685/0001193125-10-041685-index.htm,https://www.sec.gov/Archives/edgar/data/732712/000119312510041685/d10k.htm
2009-09-30,VZ,2009-10-29,2009-10-29 16:44:39,Q3,27265000000,10996000000,16269000000,0.5966990647350082,0.0,8111000000,0.0,15168000000,23279000000,34275000000,704000000,4172000000,8158000000,0.29921144324225196,3986000000,0.14619475518063452,13000000,3461000000,0.12693929946818266,-574000000,2887000000,0.10588666788923529,1.51,1.51,2841000000,2841000000,https://www.sec.gov/Archives/edgar/data/732712/000119312509217506/0001193125-09-217506-index.htm,https://www.sec.gov/Archives/edgar/data/732712/000119312509217506/d10q.htm
2009-06-30,VZ,2009-07-30,2009-07-30 16:50:57,Q2,26861000000,10481000000,16380000000,0.6098060384944716,0.0,7871000000,0.0,14572000000,22443000000,32924000000,787000000,4091000000,8509000000,0.31677897323256765,4418000000,0.1644763783924649,11000000,3770000000,0.14035218346301329,-610000000,3160000000,0.11764267897695543,1.1,1.1,2841000000,2841000000,https://www.sec.gov/Archives/edgar/data/732712/000119312509159648/0001193125-09-159648-index.htm,https://www.sec.gov/Archives/edgar/data/732712/000119312509159648/d10q.htm
2009-03-31,VZ,2009-05-11,2009-05-11 17:07:30,Q1,26591000000,10308000000,16283000000,0.6123500432477154,0.0,7561000000,0.0,14336000000,21897000000,32205000000,925000000,4028000000,8722000000,0.3280057162197736,4694000000,0.1765258922191719,53000000,3950000000,0.14854650069572412,-740000000,3210000000,0.1207175360084239,0.58,0.58,2841000000,2841000000,https://www.sec.gov/Archives/edgar/data/732712/000119312509107317/0001193125-09-107317-index.htm,https://www.sec.gov/Archives/edgar/data/732712/000119312509107317/d10q.htm
2008-12-31,VZ,2009-02-24,2009-02-24 17:25:09,FY,24645000000,9976000000,14669000000,0.5952120105498072,0.0,7090000000,0.0,13723000000,20813000000,30789000000,517000000,3747000000,7579000000,0.30752688172043013,3832000000,0.15548792858592006,62000000,1790000000,0.07263136538851694,-555000000,1235000000,0.05011158449989856,2.26,2.26,2849000000,2849000000,https://www.sec.gov/Archives/edgar/data/732712/000119312509036349/0001193125-09-036349-index.htm,https://www.sec.gov/Archives/edgar/data/732712/000119312509036349/d10k.htm
2008-09-30,VZ,2008-10-28,2008-10-27 20:15:36,Q3,24752000000,10048000000,14704000000,0.5940530058177117,0.0,6879000000,0.0,13700000000,20579000000,30627000000,440000000,3652000000,7825000000,0.3161360698125404,4173000000,0.16859243697478993,105000000,2519000000,0.10176955397543633,-850000000,1669000000,0.06742889463477698,1.82,1.82,2852000000,2852000000,https://www.sec.gov/Archives/edgar/data/732712/000119312508217163/0001193125-08-217163-index.htm,https://www.sec.gov/Archives/edgar/data/732712/000119312508217163/d10q.htm
2008-06-30,VZ,2008-07-29,2008-07-29 17:11:13,Q2,24124000000,9466000000,14658000000,0.6076106781628254,0.0,6528000000,0.0,13050000000,19578000000,29044000000,403000000,3584000000,8130000000,0.3370087879290333,4546000000,0.18844304427126513,92000000,2863000000,0.11867849444536561,-981000000,1882000000,0.07801359641850439,1.23,1.23,2856000000,2856000000,https://www.sec.gov/Archives/edgar/data/732712/000119312508160315/0001193125-08-160315-index.htm,https://www.sec.gov/Archives/edgar/data/732712/000119312508160315/d10q.htm
2008-03-31,VZ,2008-04-29,2008-04-29 16:45:54,Q1,23833000000,9517000000,14316000000,0.6006797297864306,0.0,6401000000,0.0,13099000000,19500000000,29017000000,459000000,3582000000,7915000000,0.33210254688876767,4333000000,0.181806738555784,23000000,2587000000,0.10854697268493266,-945000000,1642000000,0.06889606847648219,0.57,0.57,2863000000,2863000000,https://www.sec.gov/Archives/edgar/data/732712/000119312508095227/0001193125-08-095227-index.htm,https://www.sec.gov/Archives/edgar/data/732712/000119312508095227/d10q.htm
2007-12-31,VZ,2008-02-28,2008-02-28 17:18:10,FY,23840000000,9796000000,14044000000,0.5890939597315437,0.0,6955000000,0.0,13462000000,20417000000,30213000000,439000000,3666000000,7089000000,0.29735738255033556,3423000000,0.14358221476510066,87000000,1831000000,0.07680369127516778,-759000000,1072000000,0.04496644295302014,1.9051069703243617,1.9051069703243617,2898000000,2898000000,https://www.sec.gov/Archives/edgar/data/732712/000119312508042027/0001193125-08-042027-index.htm,https://www.sec.gov/Archives/edgar/data/732712/000119312508042027/d10k.htm
2007-09-30,VZ,2007-10-30,2007-10-30 16:44:36,Q3,23772000000,9608000000,14164000000,0.5958270233888608,0.0,6349000000,0.0,13213000000,19562000000,29170000000,450000000,3605000000,7815000000,0.32874810701665824,4210000000,0.17709910819451455,49000000,2658000000,0.11181221605249873,-1387000000,1271000000,0.05346626283022043,1.53,1.53,2902000000,2902000000,https://www.sec.gov/Archives/edgar/data/732712/000119312507229691/0001193125-07-229691-index.htm,https://www.sec.gov/Archives/edgar/data/732712/000119312507229691/d10q.htm
2007-06-30,VZ,2007-07-31,2007-07-31 12:23:03,Q2,23273000000,9231000000,14042000000,0.6033601168736303,0.0,6320000000,0.0,12804000000,19124000000,28355000000,455000000,3573000000,7722000000,0.33180079920938427,4149000000,0.1782752545868603,27000000,2638000000,0.11335023417694325,-955000000,1683000000,0.0723155588020453,1.09,1.09,2906000000,2906000000,https://www.sec.gov/Archives/edgar/data/732712/000119312507166316/0001193125-07-166316-index.htm,https://www.sec.gov/Archives/edgar/data/732712/000119312507166316/d10q.htm
2007-03-31,VZ,2007-05-04,2007-05-04 16:42:33,Q1,22584000000,8912000000,13672000000,0.6053843428976267,0.0,6343000000,0.0,12445000000,18788000000,27700000000,485000000,3533000000,7329000000,0.3245217853347503,3796000000,0.16808359900814737,48000000,2365000000,0.10472015586255756,-881000000,1495000000,0.06619730782855118,0.405,0.405,2909000000,2909000000,https://www.sec.gov/Archives/edgar/data/732712/000119312507102943/0001193125-07-102943-index.htm,https://www.sec.gov/Archives/edgar/data/732712/000119312507102943/d10q.htm
2006-12-31,VZ,2007-03-01,2007-03-01 14:23:33,FY,20154000000,8645000000,11509000000,0.5710528927260097,0.0,5645000000,0.0,12243000000,17888000000,26533000000,551000000,3598000000,5864000000,0.2909596109953359,2266000000,0.11243425622705171,131000000,907000000,0.04500347325592934,-253000000,1032000000,0.051205715986900865,2.128090659340659,2.128090659340659,2912000000,2912000000,https://www.sec.gov/Archives/edgar/data/732712/000119312507044126/0001193125-07-044126-index.htm,https://www.sec.gov/Archives/edgar/data/732712/000119312507044126/d10k.htm
2006-09-30,VZ,2006-11-06,2006-11-06 15:27:11,Q3,23254000000,8982000000,14272000000,0.6137438720220177,0.0,6720000000,0.0,12610000000,19330000000,28312000000,572000000,3628000000,7552000000,0.32476133138384794,3924000000,0.16874516212264556,101000000,2653000000,0.11408789885611077,-855000000,1922000000,0.08265244689085749,1.215,1.215,2911000000,2911000000,https://www.sec.gov/Archives/edgar/data/732712/000119312506225042/0001193125-06-225042-index.htm,https://www.sec.gov/Archives/edgar/data/732712/000119312506225042/d10q.htm
2006-06-30,VZ,2006-08-04,2006-08-04 17:29:54,Q2,21993000000,8618000000,13375000000,0.6081480471058973,0.0,6504000000,0.0,12161000000,18665000000,27283000000,577000000,3543000000,6871000000,0.31241758741417724,3328000000,0.15132087482380757,58000000,2043000000,0.0928931932887737,-689000000,1611000000,0.07325057972991407,1.04,1.04,2913000000,2913000000,https://www.sec.gov/Archives/edgar/data/732712/000119312506162569/0001193125-06-162569-index.htm,https://www.sec.gov/Archives/edgar/data/732712/000119312506162569/d10q.htm
2006-03-31,VZ,2006-05-09,2006-05-09 17:28:36,Q1,22743000000,8749000000,13994000000,0.6153102053379061,0.0,6363000000,0.0,12525000000,18888000000,27637000000,649000000,3776000000,7631000000,0.3355318119861056,3855000000,0.1695027041287429,105000000,2551000000,0.1121663808644418,-877000000,1632000000,0.07175834322648728,0.57,0.57,2915000000,2915000000,https://www.sec.gov/Archives/edgar/data/732712/000119312506105706/0001193125-06-105706-index.htm,https://www.sec.gov/Archives/edgar/data/732712/000119312506105706/d10q.htm
2005-12-31,VZ,2006-03-14,2006-03-14 16:16:16,FY,19326000000,6552000000,12774000000,0.6609748525302701,0.0,5494000000,0.0,10125000000,15619000000,22171000000,540000000,3573000000,7280000000,0.37669460829969986,3707000000,0.19181413639656422,-11000000,2370000000,0.12263272275690779,-712000000,1658000000,0.08579116216495912,2.6742588575560378,2.6742588575560378,2766000000,2766000000,https://www.sec.gov/Archives/edgar/data/732712/000119312506053710/0001193125-06-053710-index.htm,https://www.sec.gov/Archives/edgar/data/732712/000119312506053710/d10k.htm
2005-09-30,VZ,2005-11-08,2005-11-08 13:30:25,Q3,19038000000,6536000000,12502000000,0.656686626746507,0.0,5351000000,0.0,10054000000,15405000000,21941000000,539000000,3518000000,7151000000,0.375617186679273,3633000000,0.1908288685786322,88000000,2606000000,0.13688412648387435,-737000000,1869000000,0.09817207689883391,1.215,1.215,2767000000,2767000000,https://www.sec.gov/Archives/edgar/data/732712/000119312505219525/0001193125-05-219525-index.htm,https://www.sec.gov/Archives/edgar/data/732712/000119312505219525/d10q.htm
2005-06-30,VZ,2005-08-08,2005-08-08 13:40:16,Q2,18569000000,6258000000,12311000000,0.6629866982605418,0.0,5253000000,0.0,9224000000,14477000000,20735000000,540000000,3496000000,7588000000,0.40863805266842584,4092000000,0.22036727879799667,81000000,3095000000,0.16667564219936454,-982000000,2113000000,0.1137918035435403,0.81,0.81,2768000000,2768000000,https://www.sec.gov/Archives/edgar/data/732712/000119312505160449/0001193125-05-160449-index.htm,https://www.sec.gov/Archives/edgar/data/732712/000119312505160449/d10q.htm
2005-03-31,VZ,2005-05-09,2005-05-09 14:11:24,Q1,18179000000,6123000000,12056000000,0.6631827933329666,0.0,5214000000,0.0,9583000000,14797000000,20920000000,561000000,3460000000,6842000000,0.3763683370922493,3382000000,0.18603883601958304,79000000,2536000000,0.1395016227515265,-779000000,1757000000,0.09664998074701579,0.405,0.405,2769000000,2769000000,https://www.sec.gov/Archives/edgar/data/732712/000119312505100622/0001193125-05-100622-index.htm,https://www.sec.gov/Archives/edgar/data/732712/000119312505100622/d10q.htm
2004-12-31,VZ,2005-03-14,2005-03-14 12:13:00,FY,18263000000,6064000000,12199000000,0.6679625472266331,0.0,5281000000,0.0,9629000000,14910000000,20974000000,575000000,3565000000,6918000000,0.3787986639653945,3353000000,0.18359524722115753,42000000,3303000000,0.18085747139024258,-786000000,3039000000,0.16640201500301155,2.62,2.62,2770000000,2770000000,https://www.sec.gov/Archives/edgar/data/732712/000119312505049044/0001193125-05-049044-index.htm,https://www.sec.gov/Archives/edgar/data/732712/000119312505049044/d10k.htm
2004-09-30,VZ,2004-11-08,2004-11-08 17:18:03,Q3,18046000000,5953000000,12093000000,0.6701208023938823,0.0,5075000000,0.0,9430000000,14505000000,20458000000,577000000,3477000000,7018000000,0.388895045993572,3541000000,0.196220769145517,16000000,2524000000,0.13986478998115925,-776000000,1796000000,0.09952344009752853,1.155,1.155,2769000000,2769000000,https://www.sec.gov/Archives/edgar/data/732712/000119312504189657/0001193125-04-189657-index.htm,https://www.sec.gov/Archives/edgar/data/732712/000119312504189657/d10q.htm
2004-06-30,VZ,2004-08-06,2004-08-06 14:04:58,Q2,17838000000,5641000000,12197000000,0.6837649960757932,0.0,5029000000,0.0,9081000000,14110000000,19751000000,594000000,3440000000,7168000000,0.4018387711626864,3728000000,0.20899203946630787,-2000000.0,2668000000,0.1495683372575401,-871000000,1797000000,0.10073999327278843,1.08,1.08,2770000000,2770000000,https://www.sec.gov/Archives/edgar/data/732712/000119312504134114/0001193125-04-134114-index.htm,https://www.sec.gov/Archives/edgar/data/732712/000119312504134114/d10q.htm
2004-03-31,VZ,2004-05-07,2004-05-07 13:07:41,Q1,17136000000,5510000000,11626000000,0.6784547152194211,0.0,5703000000,0.0,8938000000,14641000000,20151000000,638000000,3428000000,5923000000,0.3456465919701214,2495000000,0.1455999066293184,-34000000,1617000000,0.09436274509803921,-418000000,1199000000,0.06996965452847806,0.43,0.43,2770000000,2770000000,https://www.sec.gov/Archives/edgar/data/732712/000119312504081774/0001193125-04-081774-index.htm,https://www.sec.gov/Archives/edgar/data/732712/000119312504081774/d10q.htm
2003-12-31,VZ,2004-03-12,2004-03-12 14:13:48,FY,17278000000,5877000000,11401000000,0.659856464868619,0.0,10102000000,0.0,9324000000,19426000000,25303000000,665000000,3447000000,1299000000,0.07518231276768145,-2148000000,-0.12431994443801365,15000000,-2472000000,-0.1430721148281051,-3518000000,-1458000000,-0.08438476675541151,1.27,1.27,2756000000,2756000000,https://www.sec.gov/Archives/edgar/data/732712/000119312504040305/0001193125-04-040305-index.htm,https://www.sec.gov/Archives/edgar/data/732712/000119312504040305/d10k.htm
2003-09-30,VZ,2003-11-12,2003-11-12 17:11:16,Q3,17155000000,5740000000,11415000000,0.6654036723987176,0.0,4932000000,0.0,9018000000,13950000000,19690000000,685000000,3419000000,6624000000,0.38612649373360536,3205000000,0.18682599825123872,12000000,2560000000,0.14922763042844653,769000000,1791000000,0.10440104925677644,1.8,1.8,2753000000,2753000000,https://www.sec.gov/Archives/edgar/data/732712/000095013403015054/0000950134-03-015054-index.htm,https://www.sec.gov/Archives/edgar/data/732712/000095013403015054/d10219e10vq.htm
2003-06-30,VZ,2003-08-12,2003-08-12 16:50:38,Q2,17040000000,5025000000,12015000000,0.7051056338028169,0.0,5712000000,0.0,8391000000,14103000000,19128000000,669000000,3366000000,6303000000,0.3698943661971831,2937000000,0.17235915492957746,-23000000,2077000000,0.12188967136150235,659000000,-1164000000,-0.06830985915492958,1.15,1.15,2751000000,2751000000,https://www.sec.gov/Archives/edgar/data/732712/000095013403011452/0000950134-03-011452-index.htm,https://www.sec.gov/Archives/edgar/data/732712/000095013403011452/d08155e10vq.htm
2003-03-31,VZ,2003-05-12,2003-05-12 16:37:57,Q1,16279000000,5141000000,11138000000,0.684194360832975,0.0,4253000000,0.0,8526000000,12779000000,17920000000,778000000,3385000000,6885000000,0.42293752687511516,3500000000,0.21500092143252042,34000000,2596000000,0.15946925486823516,838000000,3908000000,0.24006388598808281,0.64,0.64,2748000000,2748000000,https://www.sec.gov/Archives/edgar/data/732712/000095013403007610/0000950134-03-007610-index.htm,https://www.sec.gov/Archives/edgar/data/732712/000095013403007610/d05444e10vq.htm
2002-12-31,VZ,2003-03-14,2003-03-14 14:12:02,FY,67625000000,0.0,67625000000,1.0,0.0,0.0,0.0,52628000000,52628000000,52628000000,3237000000,3427000000,18424000000,0.27244362292051755,14997000000,0.22176709796672828,140000000,6202000000,0.09171164510166359,1618000000,4079000000,0.06031792975970425,4.079,4.079,2729000000,2729000000,https://www.sec.gov/Archives/edgar/data/732712/000095013403003953/0000950134-03-003953-index.htm,https://www.sec.gov/Archives/edgar/data/732712/000095013403003953/d03879e10vk.htm
