date,symbol,fillingDate,acceptedDate,period,revenue,costOfRevenue,grossProfit,grossProfitRatio,researchAndDevelopmentExpenses,generalAndAdministrativeExpenses,sellingAndMarketingExpenses,otherExpenses,operatingExpenses,costAndExpenses,interestExpense,depreciationAndAmortization,ebitda,ebitdaratio,operatingIncome,operatingIncomeRatio,totalOtherIncomeExpensesNet,incomeBeforeTax,incomeBeforeTaxRatio,incomeTaxExpense,netIncome,netIncomeRatio,eps,epsdiluted,weightedAverageShsOut,weightedAverageShsOutDil,link,finalLink
2020-01-31,WMT,2020-03-20,2020-03-20 16:51:02,FY,141671000000,107748000000,33923000000,0.23944914626140848,0.0,28601000000,0.0,0.0,28601000000,136349000000,0.0,2828000000,8150000000,0.0575276520953,5322000000,0.0375659097486,962000000,5673000000,0.0400434810229,1379000000,4141000000,0.0292296941505,1.46,1.45,2850000000,2868000000,https://www.sec.gov/Archives/edgar/data/104169/000010416920000011/0000104169-20-000011-index.htm,https://www.sec.gov/Archives/edgar/data/104169/000010416920000011/wmtform10-kx1312020.htm
2019-10-31,WMT,2019-12-04,2019-12-04 16:12:55,Q3,127991000000,95900000000,32091000000,0.2507285668523568,0.0,27373000000,0.0,0.0,27373000000,123273000000,0.0,2723000000,7441000000,0.0581369002508,4718000000,0.036861966857,244000000,6467000000,0.050526990179,1052000000,3288000000,0.0256893062793,1.16,1.15,2855000000,2872000000,https://www.sec.gov/Archives/edgar/data/104169/000010416919000088/0000104169-19-000088-index.htm,https://www.sec.gov/Archives/edgar/data/104169/000010416919000088/wmtform10-qx103119.htm
2019-07-31,WMT,2019-09-06,2019-09-06 16:26:01,Q2,130377000000,97923000000,32454000000,0.24892427345313975,0.0,26871000000,0.0,0.0,26871000000,124794000000,0.0,2722000000,8305000000,0.063699885716,5583000000,0.0428219701328,989000000,2819000000,0.0216219118403,1233000000,3610000000,0.0276889328639,1.26,1.26,2861000000,2878000000,https://www.sec.gov/Archives/edgar/data/104169/000010416919000064/0000104169-19-000064-index.htm,https://www.sec.gov/Archives/edgar/data/104169/000010416919000064/wmtform10-qx7312019.htm
2019-04-30,WMT,2019-06-07,2019-06-07 16:41:29,Q1,123925000000,93034000000,30891000000,0.2492717369376639,0.0,25946000000,0.0,0.0,25946000000,118980000000,0.0,2714000000,7659000000,0.0618035101876,4945000000,0.0399031672382,837000000,5157000000,0.0416138793625,1251000000,3842000000,0.031002622554,1.34,1.33,2869000000,2886000000,https://www.sec.gov/Archives/edgar/data/104169/000010416919000024/0000104169-19-000024-index.htm,https://www.sec.gov/Archives/edgar/data/104169/000010416919000024/wmtform10-qx4302019.htm
2019-01-31,WMT,2019-03-28,2019-03-28 16:56:37,FY,138793000000,104907000000,33886000000,0.24414775961323698,0.0,27819000000,0.0,0.0,27819000000,132726000000,0.0,2731000000,8798000000,0.0633893640169,6067000000,0.0437125791647,202000000,5664000000,0.040808974516,1851000000,3687000000,0.0265647402967,1.27,1.25,2929000000,2945000000,https://www.sec.gov/Archives/edgar/data/104169/000010416919000016/0000104169-19-000016-index.htm,https://www.sec.gov/Archives/edgar/data/104169/000010416919000016/wmtform10-kx1312019.htm
2018-10-31,WMT,2018-11-30,2018-11-30 16:47:52,Q3,124894000000,93116000000,31778000000,0.25443976492065273,0.0,26792000000,0.0,0.0,26792000000,119908000000,0.0,2615000000,7601000000,0.0608596089484,4986000000,0.039921853732,997000000,2576000000,0.0206254904159,759000000,1710000000,0.0136916104857,0.58,0.58,2940000000,2956000000,https://www.sec.gov/Archives/edgar/data/104169/000010416918000110/0000104169-18-000110-index.htm,https://www.sec.gov/Archives/edgar/data/104169/000010416918000110/wmtform10-qx10312018.htm
2018-07-31,WMT,2018-09-06,2018-09-06 16:52:25,Q2,128028000000,95571000000,32457000000,0.2535148561252226,0.0,26707000000,0.0,0.0,26707000000,122278000000,0.0,2654000000,8404000000,0.0656418908364,5750000000,0.044912050489,969000000,398000000,0.00310869497297,1125000000,-727000000,-0.0056784453400818575,-0.29,-0.29,2948000000,2963000000,https://www.sec.gov/Archives/edgar/data/104169/000010416918000086/0000104169-18-000086-index.htm,https://www.sec.gov/Archives/edgar/data/104169/000010416918000086/wmtform10-qx7312018.htm
2018-04-30,WMT,2018-06-04,2018-06-04 17:23:45,Q1,122690000000,91707000000,30983000000,0.2525307686037982,0.0,25829000000,0.0,0.0,25829000000,117536000000,0.0,2678000000,7832000000,0.0638356834298,5154000000,0.042008313636,1060000000,2822000000,0.0230010595811,546000000,2134000000,0.0173934305974,0.72,0.72,2950000000,2967000000,https://www.sec.gov/Archives/edgar/data/104169/000010416918000054/0000104169-18-000054-index.htm,https://www.sec.gov/Archives/edgar/data/104169/000010416918000054/wmtform10-qx4302018.htm
2018-01-31,WMT,2018-03-30,2018-03-30 16:01:22,FY,136267000000,102640000000,33627000000,0.24677287971409073,0.0,29160000000,0.0,0.0,29160000000,131800000000,0.0,2702000000,7169000000,0.0526099495843,4467000000,0.0327812309657,1117000000,2964000000,0.0217514145024,601000000,2175000000,0.0159613112492,0.73,0.74,2995000000,3010000000,https://www.sec.gov/Archives/edgar/data/104169/000010416918000028/0000104169-18-000028-index.htm,https://www.sec.gov/Archives/edgar/data/104169/000010416918000028/wmtform10-kx1312018.htm
2017-10-31,WMT,2017-12-01,2017-12-01 16:29:29,Q3,123179000000,91547000000,31632000000,0.25679701897238977,0.0,26868000000,0.0,0.0,26868000000,118415000000,0.0,2658000000,7422000000,0.0602537770237,4764000000,0.0386754235706,1043000000,2879000000,0.0233724904407,975000000,1749000000,0.0141988488298,0.59,0.58,3008000000,3021000000,https://www.sec.gov/Archives/edgar/data/104169/000010416917000081/0000104169-17-000081-index.htm,https://www.sec.gov/Archives/edgar/data/104169/000010416917000081/wmtform10-qx10312017.htm
2017-07-31,WMT,2017-08-31,2017-08-31 17:07:31,Q2,123355000000,91521000000,31834000000,0.2580681772121114,0.0,25865000000,0.0,0.0,25865000000,117386000000,0.0,2618000000,8587000000,0.0696120951725,5969000000,0.0483887965628,1406000000,4606000000,0.037339386324,1502000000,2899000000,0.0235012768027,0.97,0.96,3021000000,3034000000,https://www.sec.gov/Archives/edgar/data/104169/000010416917000057/0000104169-17-000057-index.htm,https://www.sec.gov/Archives/edgar/data/104169/000010416917000057/wmtform10-qx7312017.htm
2017-04-30,WMT,2017-06-02,2017-06-02 16:33:46,Q1,117542000000,87688000000,29854000000,0.2539858093277297,0.0,24617000000,0.0,0.0,24617000000,112305000000,0.0,2551000000,7788000000,0.0662571676507,5237000000,0.0445542869783,1016000000,4674000000,0.0397645097072,1522000000,3039000000,0.0258545881472,1.0,1.0,3035000000,3047000000,https://www.sec.gov/Archives/edgar/data/104169/000010416917000029/0000104169-17-000029-index.htm,https://www.sec.gov/Archives/edgar/data/104169/000010416917000029/wmtform10-qx4302017.htm
2017-01-31,WMT,2017-03-31,2017-03-31 16:54:02,FY,130936000000,97743000000,33193000000,0.25350552941895277,0.0,26988000000,0.0,0.0,26988000000,124731000000,0.0,2706000000,8911000000,0.0680561495693,6205000000,0.0473895643673,1186000000,5650000000,0.0431508523248,1664000000,3757000000,0.0286934074662,1.23,1.22,3101000000,3112000000,https://www.sec.gov/Archives/edgar/data/104169/000010416917000021/0000104169-17-000021-index.htm,https://www.sec.gov/Archives/edgar/data/104169/000010416917000021/wmtform10-kx1312017.htm
2016-10-31,WMT,2016-12-01,2016-12-01 17:16:20,Q3,118179000000,87484000000,30695000000,0.25973311671278315,0.0,25576000000,0.0,0.0,25576000000,113060000000,0.0,2469000000,7588000000,0.0642076849525,5119000000,0.0433156482962,1003000000,4534000000,0.038365530255,1332000000,3034000000,0.0256729198927,0.98,0.98,3114000000,3124000000,https://www.sec.gov/Archives/edgar/data/104169/000010416916000140/0000104169-16-000140-index.htm,https://www.sec.gov/Archives/edgar/data/104169/000010416916000140/wmtform10-qx10312016.htm
2016-07-31,WMT,2016-08-31,2016-08-31 17:25:20,Q2,120854000000,89485000000,31369000000,0.2595611233389048,0.0,25204000000,0.0,0.0,25204000000,114689000000,0.0,2517000000,8682000000,0.0718387475797,6165000000,0.0510119648501,1449000000,5599000000,0.0463286279312,1710000000,3773000000,0.0312194879772,1.21,1.2,3126000000,3136000000,https://www.sec.gov/Archives/edgar/data/104169/000010416916000119/0000104169-16-000119-index.htm,https://www.sec.gov/Archives/edgar/data/104169/000010416916000119/wmtform10-qx7312016.htm
2016-04-30,WMT,2016-06-03,2016-06-03 17:05:39,Q1,115904000000,86544000000,29360000000,0.25331308669243513,0.0,24085000000,0.0,0.0,24085000000,110629000000,0.0,2388000000,7663000000,0.0661150607399,5275000000,0.0455118028713,918000000,4714000000,0.0406715902816,1498000000,3079000000,0.026565088349,0.98,0.98,3144000000,3154000000,https://www.sec.gov/Archives/edgar/data/104169/000010416916000088/0000104169-16-000088-index.htm,https://www.sec.gov/Archives/edgar/data/104169/000010416916000088/wmtform10-qx4302016.htm
2016-01-31,WMT,2016-03-30,2016-03-30 17:18:29,FY,129667000000,96999000000,32668000000,0.25193765568726045,0.0,26026000000,0.0,0.0,26026000000,123025000000,0.0,2431000000,9073000000,0.0699715424896,6642000000,0.0512235187056,983000000,6094000000,0.0469973084902,1346000000,4574000000,0.0352749735862,1.44,1.44,3207000000,3217000000,https://www.sec.gov/Archives/edgar/data/104169/000010416916000079/0000104169-16-000079-index.htm,https://www.sec.gov/Archives/edgar/data/104169/000010416916000079/wmtform10-kx1312016.htm
2015-10-31,WMT,2015-12-02,2015-12-02 16:49:46,Q3,117408000000,87446000000,29962000000,0.2551955573725811,0.0,24248000000,0.0,0.0,24248000000,111694000000,0.0,2365000000,8079000000,0.0688113246116,5714000000,0.0486678931589,810000000,5162000000,0.0439663396021,1748000000,3304000000,0.0281411828836,1.03,1.02,3221000000,3231000000,https://www.sec.gov/Archives/edgar/data/104169/000010416915000054/0000104169-15-000054-index.htm,https://www.sec.gov/Archives/edgar/data/104169/000010416915000054/wmtform10-qx10312015.htm
2015-07-31,WMT,2015-09-09,2015-09-09 16:41:30,Q2,120229000000,90056000000,30173000000,0.2509627460928728,0.0,24104000000,0.0,0.0,24104000000,114160000000,0.0,2339000000,8408000000,0.0699332107894,6069000000,0.0504786698717,899000000,5526000000,0.0459622886325,1891000000,3475000000,0.0289031764383,1.08,1.08,3226000000,3237000000,https://www.sec.gov/Archives/edgar/data/104169/000010416915000039/0000104169-15-000039-index.htm,https://www.sec.gov/Archives/edgar/data/104169/000010416915000039/wmtform10-qx7312015.htm
2015-04-30,WMT,2015-06-05,2015-06-05 17:22:09,Q1,114826000000,86483000000,28343000000,0.2468343406545556,0.0,22663000000,0.0,0.0,22663000000,109146000000,0.0,2319000000,7999000000,0.0696619232578,5680000000,0.0494661487816,824000000,4856000000,0.0422900736767,1573000000,3341000000,0.0290961977253,1.03,1.03,3231000000,3243000000,https://www.sec.gov/Archives/edgar/data/104169/000010416915000022/0000104169-15-000022-index.htm,https://www.sec.gov/Archives/edgar/data/104169/000010416915000022/wmtform10-qx4302015.htm
2015-01-31,WMT,2015-04-01,2015-04-01 16:44:17,FY,131565000000,99115000000,32450000000,0.24664614449131608,0.0,24501000000,0.0,0.0,24501000000,123616000000,0.0,2292000000,10241000000,0.0778398510242,7949000000,0.0604188043933,915000000,13173000000,0.100125413294,2175000000,4966000000,0.0377456010337,1.54,1.54,3230000000,3243000000,https://www.sec.gov/Archives/edgar/data/104169/000010416915000011/0000104169-15-000011-index.htm,https://www.sec.gov/Archives/edgar/data/104169/000010416915000011/wmtform10-kx13115.htm
2014-10-31,WMT,2014-12-01,2014-12-01 15:40:18,Q3,119001000000,89247000000,29754000000,0.2500315123402324,0.0,23489000000,0.0,0.0,23489000000,112736000000,0.0,2354000000,8619000000,0.0724279627902,6265000000,0.052646616415,925000000,3826000000,0.0321509903278,1783000000,3711000000,0.031184611894,1.15,1.14,3231000000,3243000000,https://www.sec.gov/Archives/edgar/data/104169/000010416914000080/0000104169-14-000080-index.htm,https://www.sec.gov/Archives/edgar/data/104169/000010416914000080/wmt10311410-q.htm
2014-07-31,WMT,2014-09-05,2014-09-05 17:17:02,Q2,120125000000,90010000000,30115000000,0.2506971904266389,0.0,23375000000,0.0,0.0,23375000000,113385000000,0.0,2277000000,9017000000,0.0750634755463,6740000000,0.0561082206035,789000000,4089000000,0.0340395421436,2113000000,4093000000,0.0340728407908,1.27,1.26,3231000000,3244000000,https://www.sec.gov/Archives/edgar/data/104169/000010416914000057/0000104169-14-000057-index.htm,https://www.sec.gov/Archives/edgar/data/104169/000010416914000057/wmt7311410-q.htm
2014-04-30,WMT,2014-06-06,2014-06-06 17:06:48,Q1,114960000000,86714000000,28246000000,0.2457028531663187,0.0,22053000000,0.0,0.0,22053000000,108767000000,0.0,2250000000,8443000000,0.0734429366736,6193000000,0.0538709116214,793000000,3711000000,0.0322807933194,1914000000,3593000000,0.0312543493389,1.11,1.11,3233000000,3248000000,https://www.sec.gov/Archives/edgar/data/104169/000010416914000033/0000104169-14-000033-index.htm,https://www.sec.gov/Archives/edgar/data/104169/000010416914000033/wmt4301410-q.htm
2014-01-31,WMT,2014-03-21,2014-03-21 17:10:49,FY,129706000000,97971000000,31735000000,0.24466871231862827,0.0,24388000000,0.0,0.0,24388000000,122359000000,0.0,2270000000,9617000000,0.0741446039505,7347000000,0.0566434860377,920000000,4544000000,0.0350330747999,2249000000,4431000000,0.0341618737761,1.37,1.36,3269000000,3283000000,https://www.sec.gov/Archives/edgar/data/104169/000010416914000019/0000104169-14-000019-index.htm,https://www.sec.gov/Archives/edgar/data/104169/000010416914000019/wmtform10-kx13114.htm
2013-10-31,WMT,2013-12-06,2013-12-06 17:17:23,Q3,115456000000,86616000000,28840000000,0.2497921286031042,0.0,22564000000,0.0,0.0,22564000000,109180000000,0.0,2183000000,8459000000,0.0732660060976,6276000000,0.0543583702882,811000000,6446000000,0.0558307926829,1850000000,3738000000,0.0323759700665,1.14,1.14,3279000000,3293000000,https://www.sec.gov/Archives/edgar/data/104169/000010416913000051/0000104169-13-000051-index.htm,https://www.sec.gov/Archives/edgar/data/104169/000010416913000051/wmt10311310-q.htm
2013-07-31,WMT,2013-09-05,2013-09-05 17:07:58,Q2,116945000000,87455000000,29490000000,0.2521698234212664,0.0,22697000000,0.0,0.0,22697000000,110152000000,0.0,2223000000,9016000000,0.0770960708025,6793000000,0.058087134978,729000000,2981000000,0.0254906152465,2025000000,4069000000,0.0347941339946,1.24,1.24,3290000000,3305000000,https://www.sec.gov/Archives/edgar/data/104169/000010416913000037/0000104169-13-000037-index.htm,https://www.sec.gov/Archives/edgar/data/104169/000010416913000037/wmt7311310-q.htm
2013-04-30,WMT,2013-06-07,2013-06-07 17:10:53,Q1,114187000000,86027000000,28160000000,0.2466130119891056,0.0,21704000000,0.0,0.0,21704000000,107731000000,0.0,2194000000,8650000000,0.0757529315947,6456000000,0.0565388354191,758000000,2580000000,0.0225945160132,1981000000,3784000000,0.033138623486,1.15,1.14,3301000000,3318000000,https://www.sec.gov/Archives/edgar/data/104169/000010416913000020/0000104169-13-000020-index.htm,https://www.sec.gov/Archives/edgar/data/104169/000010416913000020/wmt4301310-q.htm
2013-01-31,WMT,2013-03-26,2013-03-26 17:09:05,FY,127919000000,96128000000,31791000000,0.2485244568828712,0.0,23191000000,0.0,0.0,23191000000,119319000000,0.0,2179000000,10779000000,0.0842642609776,8600000000,0.0672300440122,815000000,5876000000,0.0459353184437,2247000000,5606000000,0.0438246077596,1.67,1.67,3374000000,3389000000,https://www.sec.gov/Archives/edgar/data/104169/000010416913000011/0000104169-13-000011-index.htm,https://www.sec.gov/Archives/edgar/data/104169/000010416913000011/wmt10-k.htm
2012-10-31,WMT,2012-12-04,2012-12-04 16:49:27,Q3,113929000000,85517000000,28412000000,0.24938338789948125,0.0,22296000000,0.0,0.0,22296000000,107813000000,0.0,2089000000,8205000000,0.0720185378613,6116000000,0.05368255668,725000000,3825000000,0.0335735414161,1744000000,3635000000,0.0319058360909,1.09,1.08,3385000000,3400000000,https://www.sec.gov/Archives/edgar/data/104169/000010416912000018/0000104169-12-000018-index.htm,https://www.sec.gov/Archives/edgar/data/104169/000010416912000018/wmt1031201210-q.htm
2012-07-31,WMT,2012-09-06,2012-09-06 16:25:30,Q2,114296000000,85657000000,28639000000,0.25056869881710647,0.0,21941000000,0.0,0.0,21941000000,107598000000,0.0,2127000000,8825000000,0.0772118009379,6698000000,0.0586022257997,762000000,4161000000,0.0364054735074,2032000000,4016000000,0.0351368376846,1.18,1.18,3396000000,3411000000,https://www.sec.gov/Archives/edgar/data/104169/000010416912000014/0000104169-12-000014-index.htm,https://www.sec.gov/Archives/edgar/data/104169/000010416912000014/wmt731201210-q.htm
2012-04-30,WMT,2012-06-01,2012-06-01 17:18:21,Q1,113018000000,85186000000,27832000000,0.24626165743509884,0.0,21445000000,0.0,0.0,21445000000,106631000000,0.0,2106000000,8493000000,0.0751473216656,6387000000,0.0565131218036,746000000,3894000000,0.0344546886337,1958000000,3742000000,0.0331097701251,1.1,1.09,3409000000,3425000000,https://www.sec.gov/Archives/edgar/data/104169/000144530512001926/0001445305-12-001926-index.htm,https://www.sec.gov/Archives/edgar/data/104169/000144530512001926/wmt430201210-q.htm
2012-01-31,WMT,2012-03-27,2012-03-27 17:22:22,FY,123169000000,92589000000,30580000000,0.2482767579504583,0.0,22179000000,0.0,0.0,22179000000,114768000000,0.0,2063000000,10464000000,0.0849564419619,8401000000,0.0682070975651,884000000,7872000000,0.0639121856961,2434000000,5163000000,0.041918015085,1.51,1.5,3460000000,3474000000,https://www.sec.gov/Archives/edgar/data/104169/000119312512134679/0001193125-12-134679-index.htm,https://www.sec.gov/Archives/edgar/data/104169/000119312512134679/d270972d10k.htm
2011-10-31,WMT,2011-12-08,2011-12-08 16:48:43,Q3,110226000000,82591000000,27635000000,0.25071217317148403,0.0,21757000000,0.0,0.0,21757000000,104348000000,0.0,2040000000,7918000000,0.071834231488,5878000000,0.0533268012991,710000000,5343000000,0.0484731370094,1842000000,3336000000,0.0302650917206,0.96,0.96,3473000000,3487000000,https://www.sec.gov/Archives/edgar/data/104169/000119312511335177/0001193125-11-335177-index.htm,https://www.sec.gov/Archives/edgar/data/104169/000119312511335177/d233066d10q.htm
2011-07-31,WMT,2011-09-01,2011-09-01 12:55:04,Q2,109366000000,81770000000,27596000000,0.2523270486257155,0.0,21213000000,0.0,0.0,21213000000,102983000000,0.0,2042000000,8425000000,0.0770349103012,6383000000,0.0583636596383,728000000,5805000000,0.0530786533292,1868000000,3801000000,0.0347548598285,1.1,1.09,3486000000,3501000000,https://www.sec.gov/Archives/edgar/data/104169/000119312511238857/0001193125-11-238857-index.htm,https://www.sec.gov/Archives/edgar/data/104169/000119312511238857/d10q.htm
2011-04-30,WMT,2011-06-03,2011-06-03 17:28:43,Q1,104189000000,78177000000,26012000000,0.24966167253740798,0.0,20116000000,0.0,0.0,20116000000,98293000000,0.0,1985000000,7881000000,0.0756413824876,5896000000,0.0565894672182,774000000,5378000000,0.051617733158,1800000000,3399000000,0.0326234055419,0.97,0.97,3497000000,3513000000,https://www.sec.gov/Archives/edgar/data/104169/000119312511158587/0001193125-11-158587-index.htm,https://www.sec.gov/Archives/edgar/data/104169/000119312511158587/d10q.htm
2011-01-31,WMT,2011-03-30,2011-03-30 17:31:04,FY,116360000000,87158000000,29202000000,0.250962530079065,0.0,21198000000,0.0,0.0,21198000000,108356000000,0.0,2006000000,10010000000,0.0860261258164,8004000000,0.0687865245789,760000000,7472000000,0.0642145067033,-5285000000,6056000000,0.052045376418,1.68,1.68,3656000000,3670000000,https://www.sec.gov/Archives/edgar/data/104169/000119312511083157/0001193125-11-083157-index.htm,https://www.sec.gov/Archives/edgar/data/104169/000119312511083157/d10k.htm
2010-10-31,WMT,2010-12-06,2010-12-06 08:26:47,Q3,101952000000,75906000000,26046000000,0.2554731638418079,0.0,20435000000,0.0,0.0,20435000000,96341000000,0.0,1887000000,7498000000,0.0735444130571,5611000000,0.055035703076,713000000,5095000000,0.0499744978029,1505000000,3436000000,0.0337021343377,0.95,0.95,3692000000,3706000000,https://www.sec.gov/Archives/edgar/data/104169/000119312510274171/0001193125-10-274171-index.htm,https://www.sec.gov/Archives/edgar/data/104169/000119312510274171/d10q.htm
2010-07-31,WMT,2010-09-01,2010-09-01 15:50:02,Q2,103689000000,77520000000,26169000000,0.25237971240922374,0.0,20014000000,0.0,0.0,20014000000,97534000000,0.0,1884000000,8039000000,0.0775299212067,6155000000,0.0593602021429,673000000,5670000000,0.0546827532332,1946000000,3573000000,0.034458814339,0.97,0.96,3730000000,3744000000,https://www.sec.gov/Archives/edgar/data/104169/000119312510202779/0001193125-10-202779-index.htm,https://www.sec.gov/Archives/edgar/data/104169/000119312510202779/d10q.htm
2010-04-30,WMT,2010-06-04,2010-06-04 11:55:12,Q1,99848000000,74703000000,25145000000,0.2518327858344684,0.0,19373000000,0.0,0.0,19373000000,94076000000,0.0,1864000000,7636000000,0.0764762438907,5772000000,0.0578078679593,751000000,5301000000,0.0530906978607,1834000000,3324000000,0.0332906017146,0.88,0.88,3765000000,3781000000,https://www.sec.gov/Archives/edgar/data/104169/000119312510132759/0001193125-10-132759-index.htm,https://www.sec.gov/Archives/edgar/data/104169/000119312510132759/d10q.htm
2010-01-31,WMT,2010-03-30,2010-03-30 17:07:58,FY,406910963000,303561687000,103349276000,0.2539849878657607,0.0,79528858000,-86303000,0.0,79418120000,382979807000,0.0,7048188000,31100296000,0.0764302238768,24052108000,0.0591090193852,825000000,22239013000,0.0546532657563,7116145000,14530479000,0.035709234504,7.02,7.01,3866000000,3877000000,https://www.sec.gov/Archives/edgar/data/104169/000119312510071652/0001193125-10-071652-index.htm,https://www.sec.gov/Archives/edgar/data/104169/000119312510071652/d10k.htm
2009-10-31,WMT,2009-12-08,2009-12-07 18:16:25,Q3,99411000000,73805000000,25606000000,0.2575771292915271,0.0,20013000000,0.0,0.0,20013000000,93818000000,0.0,1798000000,7391000000,0.07434790918510024,5593000000,0.05626137952540464,744000000,5118000000,0.05148323626158071,1758000000,3360000000,0.03379907656094396,2.5,2.5,3887000000,3897000000,https://www.sec.gov/Archives/edgar/data/104169/000119312509248603/0001193125-09-248603-index.htm,https://www.sec.gov/Archives/edgar/data/104169/000119312509248603/d10q.htm
2009-07-31,WMT,2009-09-09,2009-09-09 12:11:29,Q2,100910000000,75153000000,25757000000,0.25524725002477455,0.0,19875000000,0.0,0.0,19875000000,95028000000,0.0,1757000000,7639000000,0.07570111980973145,5882000000,0.058289564958874246,828000000,5409000000,0.053602219799821625,1853000000,3556000000,0.03523932216826876,1.66,1.66,3905000000,3915000000,https://www.sec.gov/Archives/edgar/data/104169/000119312509189177/0001193125-09-189177-index.htm,https://www.sec.gov/Archives/edgar/data/104169/000119312509189177/d10q.htm
2009-04-30,WMT,2009-06-05,2009-06-05 15:01:51,Q1,94242000000,70388000000,23854000000,0.25311432270113116,0.0,18637000000,0.0,0.0,18637000000,89025000000,0.0,1700000000,6917000000,0.07339615033636808,5217000000,0.05535748392436493,771000000,4750000000,0.05040215615118525,1603000000,3147000000,0.033392754822690524,0.77,0.77,3920000000,3930000000,https://www.sec.gov/Archives/edgar/data/104169/000010416909000008/0000104169-09-000008-index.htm,https://www.sec.gov/Archives/edgar/data/104169/000010416909000008/d10q.htm
2009-04-01,WMT,2009-04-01,2009-04-01 15:48:09,FY,109116000000,82601000000,26515000000,0.2429982770629422,0.0,20138000000,0.0,0.0,20138000000,102739000000,0.0,1685000000,8062000000,0.07388467319183255,6377000000,0.05844239158326918,1120000000,5885000000,0.05393342864474504,-5186000000,3792000000,0.034752007038381175,3.36,3.36,3939000000,3951000000,https://www.sec.gov/Archives/edgar/data/104169/000010416909000006/0000104169-09-000006-index.htm,https://www.sec.gov/Archives/edgar/data/104169/000010416909000006/d10k.htm
2008-10-31,WMT,2008-12-09,2008-12-09 15:12:03,Q3,98530000000,74029000000,24501000000,0.24866538110220238,0.0,19185000000,0.0,0.0,19185000000,93214000000,0.0,1688000000,7004000000,0.07108494874657464,5316000000,0.05395311072769715,1002000000,4860000000,0.04932507865624683,1690000000,3137000000,0.031838018877499236,2.4,2.4,3944000000,3956000000,https://www.sec.gov/Archives/edgar/data/104169/000119312508250391/0001193125-08-250391-index.htm,https://www.sec.gov/Archives/edgar/data/104169/000119312508250391/d10q.htm
2008-07-31,WMT,2008-09-04,2008-09-04 17:24:52,Q2,102658000000,77642000000,25016000000,0.24368290829745368,0.0,19221000000,0.0,0.0,19221000000,96863000000,0.0,1738000000,7533000000,0.07337957100274699,5795000000,0.056449570418282066,1060000000,5339000000,0.05200763700831888,1826000000,3449000000,0.033596991953866236,1.62,1.62,3951000000,3962000000,https://www.sec.gov/Archives/edgar/data/104169/000010416908000006/0000104169-08-000006-index.htm,https://www.sec.gov/Archives/edgar/data/104169/000010416908000006/wmtfy09q210q.htm
2008-04-30,WMT,2008-06-09,2008-06-09 16:37:36,Q1,95303000000,71886000000,23417000000,0.24571104792084195,0.0,18107000000,0.0,0.0,18107000000,89993000000,0.0,1628000000,6938000000,0.0727993872176112,5310000000,0.05571702884484224,1181000000,4814000000,0.0505125756796743,1670000000,3022000000,0.031709390050680464,0.76,0.76,3957000000,3967000000,https://www.sec.gov/Archives/edgar/data/104169/000119312508130418/0001193125-08-130418-index.htm,https://www.sec.gov/Archives/edgar/data/104169/000119312508130418/d10q.htm
2008-01-31,WMT,2008-03-31,2008-03-31 16:12:49,FY,107428000000,81323000000,26105000000,0.2429999627657594,0.0,19224000000,0.0,0.0,19224000000,100547000000,0.0,1661000000,8542000000,0.07951372081766392,6881000000,0.06405220240533194,1159000000,-1127000000,-0.010490747291208996,-4765000000,4096000000,0.03812786238224671,3.17,3.17,4066000000,4072000000,https://www.sec.gov/Archives/edgar/data/104169/000119312508071085/0001193125-08-071085-index.htm,https://www.sec.gov/Archives/edgar/data/104169/000119312508071085/d10k.htm
2007-10-31,WMT,2007-11-29,2007-11-29 17:11:46,Q3,91949000000,69292000000,22657000000,0.2464083350553024,0.0,17685000000,0.0,0.0,17685000000,86977000000,0.0,1596000000,6568000000,0.071430901913017,4972000000,0.05407345376241177,1069000000,4513000000,0.04908155608000087,1557000000,2857000000,0.03107157228463605,2.15,2.15,4092000000,4097000000,https://www.sec.gov/Archives/edgar/data/104169/000010416907000010/0000104169-07-000010-index.htm,https://www.sec.gov/Archives/edgar/data/104169/000010416907000010/wmt3q08.htm
2007-07-31,WMT,2007-09-10,2007-09-10 16:40:11,Q2,93012000000,70589000000,22423000000,0.24107642024684986,0.0,17130000000,0.0,0.0,17130000000,87719000000,0.0,1572000000,6865000000,0.07380768072936825,5293000000,0.05690663570292005,1022000000,4887000000,0.052541607534511675,1676000000,2952000000,0.03173784027867372,1.44,1.44,4112000000,4118000000,https://www.sec.gov/Archives/edgar/data/104169/000119312507198266/0001193125-07-198266-index.htm,https://www.sec.gov/Archives/edgar/data/104169/000119312507198266/d10q.htm
2007-04-30,WMT,2007-06-01,2007-06-01 16:29:49,Q1,86410000000,65311000000,21099000000,0.24417312811017244,0.0,16249000000,0.0,0.0,16249000000,81560000000,0.0,1488000000,6338000000,0.07334799213054044,4850000000,0.05612776299039463,1023000000,4458000000,0.05159125101261428,1532000000,2826000000,0.03270454808471242,0.69,0.69,4122000000,4128000000,https://www.sec.gov/Archives/edgar/data/104169/000119312507128008/0001193125-07-128008-index.htm,https://www.sec.gov/Archives/edgar/data/104169/000119312507128008/d10q.htm
2007-01-31,WMT,2007-03-27,2007-03-27 16:40:54,FY,99078000000,75565000000,23513000000,0.23731807262964533,0.0,17081000000,0.0,0.0,17081000000,92646000000,0.0,1446000000,7878000000,0.07951311088233513,6432000000,0.06491854902198269,988000000,6087000000,0.0614364440138073,-4388000000,3939000000,0.03975655544116757,2.92,2.92,4164000000,4168000000,https://www.sec.gov/Archives/edgar/data/104169/000119312507065603/0001193125-07-065603-index.htm,https://www.sec.gov/Archives/edgar/data/104169/000119312507065603/d10k.htm
2006-11-30,WMT,2006-11-30,2006-11-30 16:15:18,Q3,84467000000,63765000000,20702000000,0.24508979838280037,0.0,16237000000,0.0,0.0,16237000000,80002000000,0.0,1371000000,5836000000,0.06909207145986006,4465000000,0.05286088058058176,924000000,4041000000,0.047841168740454854,1363000000,2647000000,0.03133768217173571,1.98,1.98,4168000000,4172000000,https://www.sec.gov/Archives/edgar/data/104169/000010416906000015/0000104169-06-000015-index.htm,https://www.sec.gov/Archives/edgar/data/104169/000010416906000015/walmart10q3qfy2007.htm
2006-08-30,WMT,2006-08-30,2006-08-30 16:41:33,Q2,84637000000,63971000000,20666000000,0.24417217056370144,0.0,15517000000,0.0,0.0,15517000000,79488000000,0.0,1331000000,6480000000,0.07656226000448976,5149000000,0.06083627727825892,891000000,4757000000,0.05620473315453053,1637000000,2083000000,0.02461098573909756,1.35,-0.22,4167000000,4171000000,https://www.sec.gov/Archives/edgar/data/104169/000010416906000012/0000104169-06-000012-index.htm,https://www.sec.gov/Archives/edgar/data/104169/000010416906000012/walmart10q2q73106fiscal2007.htm
2006-04-30,WMT,2006-06-02,2006-06-02 16:33:01,Q1,80468000000,60851000000,19617000000,0.24378634985335787,0.0,15166000000,0.0,0.0,15166000000,76017000000,0.0,1311000000,5762000000,0.07160610428990406,4451000000,0.05531391360540836,855000000,4083000000,0.05074066709747974,1388000000,2615000000,0.03249739026693841,0.63,0.63,4167000000,4170000000,https://www.sec.gov/Archives/edgar/data/104169/000010416906000003/0000104169-06-000003-index.htm,https://www.sec.gov/Archives/edgar/data/104169/000010416906000003/wmt10q_q1fy2007.htm
2006-01-31,WMT,2006-03-29,2006-03-29 16:14:06,FY,90128000000,69045000000,21083000000,0.2339228652582993,0.0,15222000000,0.0,0.0,15222000000,84267000000,0.0,1203000000,7064000000,0.07837741878217647,5861000000,0.06502973548730694,856000000,5540000000,0.0614681342091248,-3969000000,3591000000,0.03984333392508432,2.68,2.68,4183000000,4188000000,https://www.sec.gov/Archives/edgar/data/104169/000119312506066792/0001193125-06-066792-index.htm,https://www.sec.gov/Archives/edgar/data/104169/000119312506066792/d10k.htm
2005-10-31,WMT,2005-12-02,2005-12-02 16:34:05,Q3,76328000000,57989000000,18339000000,0.24026569541976733,0.0,14290000000,0.0,0.0,14290000000,72279000000,0.0,1204000000,5253000000,0.06882140236872446,4049000000,0.05304737448904727,891000000,3700000000,0.048475002620270415,1254000000,2374000000,0.031102609789330257,1.82,1.82,4189000000,4194000000,https://www.sec.gov/Archives/edgar/data/104169/000010416905000019/0000104169-05-000019-index.htm,https://www.sec.gov/Archives/edgar/data/104169/000010416905000019/wmt10q_q3fy2006.htm
2005-07-31,WMT,2005-08-31,2005-08-31 15:21:58,Q2,77518000000,58786000000,18732000000,0.24164710131840347,0.0,14053000000,0.0,0.0,14053000000,72839000000,0.0,1178000000,5857000000,0.07555664490827936,4679000000,0.06036017441110452,708000000,4377000000,0.05646430506463015,1503000000,2805000000,0.0361851440955649,1.25,1.25,4201000000,4206000000,https://www.sec.gov/Archives/edgar/data/104169/000010416905000015/0000104169-05-000015-index.htm,https://www.sec.gov/Archives/edgar/data/104169/000010416905000015/wmt10q_q2fy2006.htm
2005-04-30,WMT,2005-06-03,2005-06-03 16:39:06,Q1,71680000000,54571000000,17109000000,0.23868582589285714,0.0,13168000000,0.0,0.0,13168000000,67739000000,0.0,1132000000,5073000000,0.07077287946428572,3941000000,0.05498046875,772000000,3741000000,0.05219029017857143,1212000000,2461000000,0.03433314732142857,0.58,0.58,4228000000,4234000000,https://www.sec.gov/Archives/edgar/data/104169/000010416905000003/0000104169-05-000003-index.htm,https://www.sec.gov/Archives/edgar/data/104169/000010416905000003/wmt10q_q1fy2006.htm
2005-01-31,WMT,2005-03-31,2005-03-31 15:34:03,FY,82819000000,63724000000,19095000000,0.23056303505234307,0.0,13797000000,0.0,0.0,13797000000,77521000000,0.0,1244000000,6542000000,0.07899153575870271,5298000000,0.06397082795010807,602000000,5001000000,0.06038469433342591,-3853000000,3164000000,0.03820379381542883,2.41,2.41,4259000000,4266000000,https://www.sec.gov/Archives/edgar/data/104169/000119312505066992/0001193125-05-066992-index.htm,https://www.sec.gov/Archives/edgar/data/104169/000119312505066992/d10k.htm
2004-10-31,WMT,2004-12-03,2004-12-03 17:27:28,Q3,69261000000,52566000000,16695000000,0.24104474379520943,0.0,12910000000,0.0,0.0,12910000000,65476000000,0.0,1093000000,4878000000,0.07042924589595877,3785000000,0.05464835910541286,741000000,3543000000,0.051154329276216055,1207000000,2286000000,0.033005587560098755,1.67,1.67,4266000000,4274000000,https://www.sec.gov/Archives/edgar/data/104169/000119312504207402/0001193125-04-207402-index.htm,https://www.sec.gov/Archives/edgar/data/104169/000119312504207402/d10q.htm
2004-07-31,WMT,2004-09-03,2004-09-03 14:54:45,Q2,70466000000,53534000000,16932000000,0.2402860954219056,0.0,12529000000,0.0,0.0,12529000000,66063000000,0.0,1031000000,5434000000,0.0771152044957852,4403000000,0.0624840348536883,744000000,4164000000,0.059092328215025684,1457000000,2651000000,0.037620980330939746,1.13,1.13,4279000000,4287000000,https://www.sec.gov/Archives/edgar/data/104169/000119312504152109/0001193125-04-152109-index.htm,https://www.sec.gov/Archives/edgar/data/104169/000119312504152109/d10q.htm
2004-04-30,WMT,2004-06-04,2004-06-04 16:02:43,Q1,65443000000,49969000000,15474000000,0.23645004049325366,0.0,11869000000,0.0,0.0,11869000000,61838000000,0.0,1037000000,4642000000,0.07093195605335942,3605000000,0.05508610546582522,680000000,3397000000,0.05190776706446831,1189000000,2166000000,0.03309750469874547,0.5,0.5,4294000000,4294000000,https://www.sec.gov/Archives/edgar/data/104169/000119312504098967/0001193125-04-098967-index.htm,https://www.sec.gov/Archives/edgar/data/104169/000119312504098967/d10q.htm
2004-01-31,WMT,2004-04-09,2004-04-09 16:05:14,FY,75190000000,58239000000,16951000000,0.22544221306024737,0.0,12205000000,0.0,0.0,12205000000,70444000000,0.0,1039000000,-379000000,-0.005040563904774571,-1418000000,-0.018858890809948133,696000000,4545000000,0.060446867934565766,-3377000000,2721000000,0.03618832291528129,2.03,2.03,4460098522,4460098522,https://www.sec.gov/Archives/edgar/data/104169/000119312504059900/0001193125-04-059900-index.htm,https://www.sec.gov/Archives/edgar/data/104169/000119312504059900/d10k.htm
2003-10-31,WMT,2003-12-11,2003-12-11 10:05:59,Q3,63036000000,48292000000,14744000000,0.2338980899803287,0.0,11344000000,0.0,0.0,11344000000,59636000000,0.0,971000000,7138000000,0.11323688051272289,6167000000,0.09783298432641666,555000000,3194000000,0.05066945872200013,1118000000,2028000000,0.03217209213782601,1.4,1.4,4523571428,4523571428,https://www.sec.gov/Archives/edgar/data/104169/000010416903000021/0000104169-03-000021-index.htm,https://www.sec.gov/Archives/edgar/data/104169/000010416903000021/final10q.htm
2003-07-31,WMT,2003-09-10,2003-09-10 15:59:19,Q2,63737000000,48298000000,15439000000,0.24222978803520717,0.0,11144000000,0.0,0.0,11144000000,59442000000,0.0,954000000,3236000000,0.05077113764375481,2282000000,0.03580337951268494,595000000,3576000000,0.05610555878061409,1253000000,2444000000,0.03834507428965907,0.94,0.94,4579787234,4579787234,https://www.sec.gov/Archives/edgar/data/104169/000010416903000017/0000104169-03-000017-index.htm,https://www.sec.gov/Archives/edgar/data/104169/000010416903000017/final10q.htm
2003-04-30,WMT,2003-06-09,2003-06-09 17:12:14,Q1,56718000000,43918000000,12800000000,0.2256779153002574,0.0,10216000000,0.0,0.0,10216000000,54134000000,0.0,888000000,2718000000,0.04792129482703904,1830000000,0.03226488945308368,506000000,2878000000,0.050742268768292256,1006000000,1861000000,0.03281145315420149,0.41,0.41,4539024390,4539024390,https://www.sec.gov/Archives/edgar/data/104169/000010416903000007/0000104169-03-000007-index.htm,https://www.sec.gov/Archives/edgar/data/104169/000010416903000007/final10q.htm
2003-01-31,WMT,2003-04-15,2003-04-15 17:15:44,FY,71586000000,56247000000,15339000000,0.21427374067555108,0.0,11112000000,0.0,0.0,11112000000,67359000000,0.0,985000000,4995000000,0.06977621322604978,4010000000,0.056016539546838766,-1488000000,4010000000,0.056016539546838766,-3070000000,2529000000,0.0353281367865225,1.81,1.81,4441436464,4441436464,https://www.sec.gov/Archives/edgar/data/104169/000010416903000005/0000104169-03-000005-index.htm,https://www.sec.gov/Archives/edgar/data/104169/000010416903000005/final10-k.htm
2002-10-31,WMT,2002-12-06,2002-12-06 14:09:32,Q3,59266000000,45894000000,13372000000,0.22562683494752472,0.0,10330000000,0.0,0.0,10330000000,56224000000,0.0,848000000,3725000000,0.06285222555934263,2877000000,0.0485438531367057,469000000,2877000000,0.0485438531367057,1014000000,1820000000,0.03070900685047076,1.24,1.24,4443548387,4443548387,https://www.sec.gov/Archives/edgar/data/104169/000010416902000026/0000104169-02-000026-index.htm,https://www.sec.gov/Archives/edgar/data/104169/000010416902000026/final10q.htm
2002-07-31,WMT,2002-09-11,2002-09-11 15:17:03,Q2,60713000000,46639000000,14074000000,0.23181196778284716,0.0,10147000000,0.0,0.0,10147000000,56786000000,0.0,811000000,4018000000,0.06618022499299984,3207000000,0.05282229506036598,561000000,3207000000,0.05282229506036598,1124000000,2038000000,0.03356776967041655,0.83,0.83,4445783132,4445783132,https://www.sec.gov/Archives/edgar/data/104169/000010416902000018/0000104169-02-000018-index.htm,https://www.sec.gov/Archives/edgar/data/104169/000010416902000018/final10q.htm
2002-04-30,WMT,2002-06-10,2002-06-10 15:56:10,Q1,54960000000,43058000000,11902000000,0.2165574963609898,0.0,9454000000,0.0,0.0,9454000000,52512000000,0.0,788000000,3413000000,0.06209970887918486,2625000000,0.047762008733624454,458000000,2625000000,0.047762008733624454,932000000,1652000000,0.030058224163027655,0.37,0.37,4464864864,4464864864,https://www.sec.gov/Archives/edgar/data/104169/000010416902000009/0000104169-02-000009-index.htm,https://www.sec.gov/Archives/edgar/data/104169/000010416902000009/final10q.htm
2002-01-31,WMT,2002-04-15,2002-04-15 00:00:00,FY,64765000000,50912000000,13853000000,0.21389639465760826,0.0,10024000000,0.0,0.0,10024000000,60936000000,0.0,1002000000,4531000000,0.06996062688180345,3529000000,0.0544893074963329,-1459000000,3529000000,0.0544893074963329,-2636000000,2189000000,0.03379911989500502,1.49,1.49,4477181208,4477181208,https://www.sec.gov/Archives/edgar/data/104169/000010416902000004/0000104169-02-000004-index.htm,https://www.sec.gov/Archives/edgar/data/104169/000010416902000004/final10-k.htm
2001-10-31,WMT,2001-11-29,2001-11-29 00:00:00,Q3,53213000000,41388000000,11825000000,0.22222013417773853,0.0,9113000000,0.0,0.0,9113000000,50501000000,0.0,2288000000,4678000000,0.08791084885272396,2390000000,0.044913836844380134,476000000,2390000000,0.044913836844380134,872000000,1481000000,0.027831544923233045,1.0,1.0,4482000000,4482000000,https://www.sec.gov/Archives/edgar/data/104169/000010416901500023/0000104169-01-500023-index.htm,https://www.sec.gov/Archives/edgar/data/104169/000010416901500023/final10q.htm
2001-07-31,WMT,2001-09-04,2001-09-04 00:00:00,Q2,53782000000,41412000000,12370000000,0.23000260310140938,0.0,17036000000,-8143000000,0.0,8893000000,50305000000,0.0,-751000000,1861000000,0.03460265516343758,2612000000,0.04856643486668402,470000000,2612000000,0.04856643486668402,954000000,1621000000,0.030140195604477334,0.67,0.67,4479104477,4479104477,https://www.sec.gov/Archives/edgar/data/104169/000010416901500019/0000104169-01-500019-index.htm,https://www.sec.gov/Archives/edgar/data/104169/000010416901500019/final10q.htm
2001-04-30,WMT,2001-06-05,2001-06-05 00:00:00,Q1,48052000000,37850000000,10202000000,0.21231166236577043,0.0,0.0,8143000000,0.0,8143000000,45993000000,0.0,751000000,2971000000,0.06182885207691667,2220000000,0.04619995005410805,513000000,2220000000,0.04619995005410805,810000000,1380000000,0.02871888787147257,0.31,0.31,4451612903,4451612903,https://www.sec.gov/Archives/edgar/data/104169/000010416901500009/0000104169-01-500009-index.htm,https://www.sec.gov/Archives/edgar/data/104169/000010416901500009/final10q.htm
