date,symbol,fillingDate,acceptedDate,period,revenue,costOfRevenue,grossProfit,grossProfitRatio,researchAndDevelopmentExpenses,generalAndAdministrativeExpenses,sellingAndMarketingExpenses,otherExpenses,operatingExpenses,costAndExpenses,interestExpense,depreciationAndAmortization,ebitda,ebitdaratio,operatingIncome,operatingIncomeRatio,totalOtherIncomeExpensesNet,incomeBeforeTax,incomeBeforeTaxRatio,incomeTaxExpense,netIncome,netIncomeRatio,eps,epsdiluted,weightedAverageShsOut,weightedAverageShsOutDil,link,finalLink
2020-03-31,XOM,2020-05-06,2020-05-06 14:06:03,Q1,56158000000,0.0,56158000000,1.0,288000000,2579000000,0.0,8566000000,11433000000,56416000000,249000000,5819000000,5561000000,0.0990241817729,-258000000,-0.004594180704441042,249000000,-258000000,-0.004594180704441042,512000000,-258000000,-0.004594180704441042,-0.14,-0.14,4270000000,4270000000,https://www.sec.gov/Archives/edgar/data/34088/000003408820000037/0000034088-20-000037-index.htm,https://www.sec.gov/Archives/edgar/data/34088/000003408820000037/xom10q1q2020.htm
2019-12-31,XOM,2020-02-26,2020-02-26 16:15:19,FY,67173000000,0.0,67173000000,1.0,357000000,3048000000,0.0,9693000000,13098000000,60759000000,201000000,4923000000,11337000000,0.168773167791,6414000000,0.0954847929972,2972000000,6414000000,0.0954847929972,684000000,5690000000,0.0847066529707,1.33,1.33,4270000000,4270000000,https://www.sec.gov/Archives/edgar/data/34088/000003408820000016/0000034088-20-000016-index.htm,https://www.sec.gov/Archives/edgar/data/34088/000003408820000016/xom10k2019.htm
2019-09-30,XOM,2019-11-06,2019-11-06 13:34:22,Q3,65049000000,0.0,65049000000,1.0,299000000,2753000000,0.0,9205000000,12257000000,60328000000,232000000,4873000000,9594000000,0.147488816123,4721000000,0.0725760580485,431000000,4721000000,0.0725760580485,1474000000,3170000000,0.0487324939661,0.75,0.75,4270000000,4270000000,https://www.sec.gov/Archives/edgar/data/34088/000003408819000062/0000034088-19-000062-index.htm,https://www.sec.gov/Archives/edgar/data/34088/000003408819000062/xom10q3q2019.htm
2019-06-30,XOM,2019-08-07,2019-08-07 12:55:10,Q2,69091000000,0.0,69091000000,1.0,333000000,2827000000,0.0,9835000000,12995000000,64459000000,216000000,4631000000,9263000000,0.134069560435,4632000000,0.06704201705,241000000,4632000000,0.06704201705,1241000000,3130000000,0.0453025719703,0.73,0.73,4270000000,4270000000,https://www.sec.gov/Archives/edgar/data/34088/000003408819000042/0000034088-19-000042-index.htm,https://www.sec.gov/Archives/edgar/data/34088/000003408819000042/xom10q2q2019.htm
2019-03-31,XOM,2019-05-02,2019-05-02 13:44:33,Q1,63625000000,0.0,63625000000,1.0,280000000,2770000000,0.0,9328000000,12378000000,59336000000,181000000,4571000000,8860000000,0.139253438114,4289000000,0.0674106090373,270000000,4289000000,0.0674106090373,1883000000,2350000000,0.0369351669941,0.55,0.55,4270000000,4270000000,https://www.sec.gov/Archives/edgar/data/34088/000003408819000017/0000034088-19-000017-index.htm,https://www.sec.gov/Archives/edgar/data/34088/000003408819000017/xom10q1q2019.htm
2018-12-31,XOM,2019-02-27,2019-02-27 16:19:37,FY,71895000000,0.0,71895000000,1.0,555000000,2848000000,0.0,10509000000,13912000000,63774000000,215000000,5028000000,13149000000,0.182891717087,8121000000,0.112956394742,1886000000,8121000000,0.112956394742,1915000000,6000000000,0.083455038598,1.41,1.41,4270000000,4270000000,https://www.sec.gov/Archives/edgar/data/34088/000003408819000010/0000034088-19-000010-index.htm,https://www.sec.gov/Archives/edgar/data/34088/000003408819000010/xom10k2018.htm
2018-09-30,XOM,2018-11-07,2018-11-07 12:29:54,Q3,76605000000,0.0,76605000000,1.0,292000000,2892000000,0.0,9404000000,12588000000,67525000000,200000000,4658000000,13738000000,0.17933555251,9080000000,0.118530122055,458000000,9080000000,0.118530122055,2634000000,6240000000,0.0814568239671,1.46,1.46,4271000000,4271000000,https://www.sec.gov/Archives/edgar/data/34088/000003408818000048/0000034088-18-000048-index.htm,https://www.sec.gov/Archives/edgar/data/34088/000003408818000048/xom10q3q2018.htm
2018-06-30,XOM,2018-08-02,2018-08-02 12:13:22,Q2,73501000000,0.0,73501000000,1.0,332000000,2993000000,0.0,9226000000,12551000000,66989000000,147000000,4589000000,11101000000,0.151031958749,6512000000,0.0885974340485,316000000,6512000000,0.0885974340485,2526000000,3950000000,0.0537407654318,0.92,0.92,4270000000,4270000000,https://www.sec.gov/Archives/edgar/data/34088/000003408818000039/0000034088-18-000039-index.htm,https://www.sec.gov/Archives/edgar/data/34088/000003408818000039/xom10q2q2018.htm
2018-03-31,XOM,2018-05-03,2018-05-03 12:16:43,Q1,68211000000,0.0,68211000000,1.0,287000000,2747000000,0.0,8828000000,11862000000,60971000000,204000000,4470000000,11710000000,0.171673190541,7240000000,0.106141238217,865000000,7240000000,0.106141238217,2457000000,4650000000,0.0681708228878,1.09,1.09,4270000000,4270000000,https://www.sec.gov/Archives/edgar/data/34088/000003408818000024/0000034088-18-000024-index.htm,https://www.sec.gov/Archives/edgar/data/34088/000003408818000024/xom10q1q2018.htm
2017-12-31,XOM,2018-02-28,2018-02-28 16:39:51,FY,52035000000,0.0,52035000000,1.0,703000000,3004000000,0.0,8251000000,11958000000,49018000000,186000000,5842000000,8859000000,0.170250792736,3017000000,0.0579802056308,530000000,3017000000,0.0579802056308,-5392000000,8380000000,0.161045450178,1.97,1.97,4256000000,4256000000,https://www.sec.gov/Archives/edgar/data/34088/000003408818000015/0000034088-18-000015-index.htm,https://www.sec.gov/Archives/edgar/data/34088/000003408818000015/xom10k2017.htm
2017-09-30,XOM,2017-11-01,2017-11-01 15:51:48,Q3,66165000000,0.0,66165000000,1.0,284000000,2725000000,0.0,8612000000,11621000000,60582000000,111000000,4880000000,10463000000,0.158134965616,5583000000,0.0843799591929,278000000,5583000000,0.0843799591929,1498000000,3970000000,0.0600015113731,0.93,0.93,4252000000,4252000000,https://www.sec.gov/Archives/edgar/data/34088/000003408817000052/0000034088-17-000052-index.htm,https://www.sec.gov/Archives/edgar/data/34088/000003408817000052/xom10q3q2017.htm
2017-06-30,XOM,2017-08-02,2017-08-02 12:19:33,Q2,62876000000,0.0,62876000000,1.0,514000000,2628000000,0.0,8933000000,12075000000,58720000000,158000000,4652000000,8808000000,0.140085247153,4156000000,0.0660983523125,526000000,4156000000,0.0660983523125,892000000,3350000000,0.0532794707042,0.78,0.78,4244000000,4244000000,https://www.sec.gov/Archives/edgar/data/34088/000003408817000041/0000034088-17-000041-index.htm,https://www.sec.gov/Archives/edgar/data/34088/000003408817000041/xom10q2q2017.htm
2017-03-31,XOM,2017-05-03,2017-05-03 14:32:17,Q1,63287000000,0.0,63287000000,1.0,289000000,2599000000,0.0,8332000000,11220000000,57369000000,146000000,4519000000,10437000000,0.164915385466,5918000000,0.0935105155877,487000000,5918000000,0.0935105155877,1828000000,4010000000,0.0633621438842,0.95,0.95,4223000000,4223000000,https://www.sec.gov/Archives/edgar/data/34088/000003408817000027/0000034088-17-000027-index.htm,https://www.sec.gov/Archives/edgar/data/34088/000003408817000027/xom10q1q2017.htm
2016-12-31,XOM,2017-02-22,2017-02-22 16:47:56,FY,61016000000,0.0,61016000000,1.0,340000000,2824000000,0.0,7213000000,10377000000,60399000000,195000000,8117000000,8734000000,0.143142782221,617000000,0.0101121017438,1312000000,617000000,0.0101121017438,-1407000000,1680000000,0.0275337616363,0.41,0.41,4177000000,4177000000,https://www.sec.gov/Archives/edgar/data/34088/000003408817000017/0000034088-17-000017-index.htm,https://www.sec.gov/Archives/edgar/data/34088/000003408817000017/xom10k2016.htm
2016-09-30,XOM,2016-11-03,2016-11-03 11:10:42,Q3,58677000000,0.0,58677000000,1.0,327000000,2736000000,0.0,8516000000,11579000000,55451000000,106000000,4605000000,7831000000,0.133459447484,3226000000,0.0549789525709,807000000,3226000000,0.0549789525709,337000000,2650000000,0.045162499787,0.63,0.63,4178000000,4178000000,https://www.sec.gov/Archives/edgar/data/34088/000003408816000097/0000034088-16-000097-index.htm,https://www.sec.gov/Archives/edgar/data/34088/000003408816000097/xom10q3q2016.htm
2016-06-30,XOM,2016-08-03,2016-08-03 12:10:47,Q2,57694000000,0.0,57694000000,1.0,445000000,2646000000,0.0,8286000000,11377000000,55298000000,75000000,4821000000,7217000000,0.125090997331,2396000000,0.0415294484695,210000000,2396000000,0.0415294484695,715000000,1700000000,0.0294658023365,0.41,0.41,4178000000,4178000000,https://www.sec.gov/Archives/edgar/data/34088/000003408816000082/0000034088-16-000082-index.htm,https://www.sec.gov/Archives/edgar/data/34088/000003408816000082/xom10q2q2016.htm
2016-03-31,XOM,2016-05-04,2016-05-04 12:16:40,Q1,48707000000,0.0,48707000000,1.0,355000000,2593000000,0.0,7912000000,10860000000,46977000000,77000000,4765000000,6495000000,0.133348389349,1730000000,0.0355185086333,351000000,1730000000,0.0355185086333,-51000000,1810000000,0.0371609830209,0.43,0.43,4178000000,4178000000,https://www.sec.gov/Archives/edgar/data/34088/000003408816000071/0000034088-16-000071-index.htm,https://www.sec.gov/Archives/edgar/data/34088/000003408816000071/xom10q1q2016.htm
2015-12-31,XOM,2016-02-24,2016-02-24 16:09:22,FY,59807000000,0.0,59807000000,1.0,518000000,2990000000,0.0,7855000000,11363000000,57179000000,60000000,4755000000,7383000000,0.123447088133,2628000000,0.0439413446587,597000000,2628000000,0.0439413446587,-202000000,2780000000,0.0464828531777,0.67,0.67,4196000000,4196000000,https://www.sec.gov/Archives/edgar/data/34088/000003408816000065/0000034088-16-000065-index.htm,https://www.sec.gov/Archives/edgar/data/34088/000003408816000065/xom10k2015.htm
2015-09-30,XOM,2015-11-04,2015-11-04 11:56:53,Q3,67344000000,0.0,67344000000,1.0,324000000,2967000000,0.0,9767000000,13058000000,61595000000,78000000,4542000000,10291000000,0.152812425754,5749000000,0.0853676645284,-118000000,5749000000,0.0853676645284,1365000000,4240000000,0.0629603231171,1.01,1.01,4201000000,4201000000,https://www.sec.gov/Archives/edgar/data/34088/000003408815000044/0000034088-15-000044-index.htm,https://www.sec.gov/Archives/edgar/data/34088/000003408815000044/xom10q3q2015.htm
2015-06-30,XOM,2015-08-05,2015-08-05 11:45:57,Q2,74113000000,0.0,74113000000,1.0,370000000,2831000000,0.0,9235000000,12436000000,67159000000,85000000,4451000000,11405000000,0.153886632575,6954000000,0.0938296924966,672000000,6954000000,0.0938296924966,2692000000,4190000000,0.0565352907047,1.0,1.0,4205000000,4205000000,https://www.sec.gov/Archives/edgar/data/34088/000003408815000035/0000034088-15-000035-index.htm,https://www.sec.gov/Archives/edgar/data/34088/000003408815000035/xom10q2q2015.htm
2015-03-31,XOM,2015-05-06,2015-05-06 12:03:45,Q1,67618000000,0.0,67618000000,1.0,311000000,2713000000,0.0,8730000000,11754000000,60983000000,88000000,4300000000,10935000000,0.161717294212,6635000000,0.0981247596794,599000000,6635000000,0.0981247596794,1560000000,4940000000,0.0730574699045,1.17,1.17,4211000000,4211000000,https://www.sec.gov/Archives/edgar/data/34088/000003408815000021/0000034088-15-000021-index.htm,https://www.sec.gov/Archives/edgar/data/34088/000003408815000021/xom10q1q2015.htm
2014-12-31,XOM,2015-02-25,2015-02-25 16:26:23,FY,86029000000,0.0,86029000000,1.0,537000000,3128000000,0.0,10342000000,14007000000,77187000000,68000000,4458000000,13300000000,0.154599030559,8842000000,0.102779295354,716000000,8842000000,0.102779295354,2060000000,6570000000,0.0763695962989,1.56,1.56,4282000000,4282000000,https://www.sec.gov/Archives/edgar/data/34088/000003408815000013/0000034088-15-000013-index.htm,https://www.sec.gov/Archives/edgar/data/34088/000003408815000013/xom10k2014.htm
2014-09-30,XOM,2014-11-05,2014-11-05 12:09:44,Q3,107490000000,0.0,107490000000,1.0,319000000,3169000000,0.0,9951000000,13439000000,94080000000,88000000,4362000000,17772000000,0.165336310354,13410000000,0.124755791236,713000000,13410000000,0.124755791236,5064000000,8070000000,0.0750767513257,1.89,1.89,4297000000,4297000000,https://www.sec.gov/Archives/edgar/data/34088/000003408814000044/0000034088-14-000044-index.htm,https://www.sec.gov/Archives/edgar/data/34088/000003408814000044/xom10q3q2014.htm
2014-06-30,XOM,2014-08-06,2014-08-06 12:07:03,Q2,111647000000,0.0,111647000000,1.0,496000000,3169000000,0.0,10478000000,14143000000,97496000000,64000000,4285000000,18436000000,0.165127589635,14151000000,0.126747695863,2177000000,14151000000,0.126747695863,5034000000,8780000000,0.0786407158276,2.05,2.05,4312000000,4312000000,https://www.sec.gov/Archives/edgar/data/34088/000003408814000036/0000034088-14-000036-index.htm,https://www.sec.gov/Archives/edgar/data/34088/000003408814000036/xom10q2q2014.htm
2014-03-31,XOM,2014-05-07,2014-05-07 12:02:50,Q1,106773000000,0.0,106773000000,1.0,317000000,3132000000,0.0,10088000000,13537000000,91546000000,66000000,4192000000,19419000000,0.181871821528,15227000000,0.1426109597,905000000,15227000000,0.1426109597,5857000000,9100000000,0.0852275387973,2.1,2.1,4328000000,4328000000,https://www.sec.gov/Archives/edgar/data/34088/000003408814000019/0000034088-14-000019-index.htm,https://www.sec.gov/Archives/edgar/data/34088/000003408814000019/xom10q1q2014.htm
2013-12-31,XOM,2014-02-26,2014-02-26 16:07:02,FY,110860000000,0.0,110860000000,1.0,591000000,3341000000,0.0,10669000000,14601000000,96144000000,-152000000,4380000000,19096000000,0.172253292441,14716000000,0.132744001443,1875000000,14716000000,0.132744001443,6073000000,8350000000,0.0753202237056,1.91,1.91,4419000000,4419000000,https://www.sec.gov/Archives/edgar/data/34088/000003408814000012/0000034088-14-000012-index.htm,https://www.sec.gov/Archives/edgar/data/34088/000003408814000012/xom10k2013.htm
2013-09-30,XOM,2013-11-05,2013-11-05 12:08:04,Q3,112119000000,0.0,112119000000,1.0,486000000,3150000000,0.0,9842000000,13478000000,97930000000,52000000,4287000000,18476000000,0.164789197192,14189000000,0.126553037398,538000000,14189000000,0.126553037398,6120000000,7870000000,0.0701932767863,1.79,1.79,4438000000,4438000000,https://www.sec.gov/Archives/edgar/data/34088/000003408813000046/0000034088-13-000046-index.htm,https://www.sec.gov/Archives/edgar/data/34088/000003408813000046/xom10q3q2013.htm
2013-06-30,XOM,2013-08-06,2013-08-06 11:54:46,Q2,106469000000,0.0,106469000000,1.0,454000000,3268000000,0.0,10278000000,14000000000,93701000000,85000000,4405000000,17173000000,0.161295776235,12768000000,0.119922230884,518000000,12768000000,0.119922230884,5793000000,6860000000,0.0644319003654,1.55,1.55,4459000000,4459000000,https://www.sec.gov/Archives/edgar/data/34088/000003408813000035/0000034088-13-000035-index.htm,https://www.sec.gov/Archives/edgar/data/34088/000003408813000035/xom10q2q2013.htm
2013-03-31,XOM,2013-05-02,2013-05-02 11:50:47,Q1,108807000000,0.0,108807000000,1.0,445000000,3118000000,0.0,9736000000,13299000000,92769000000,24000000,4110000000,20148000000,0.185171909896,16038000000,0.147398604869,561000000,16038000000,0.147398604869,6277000000,9500000000,0.0873105590633,2.12,2.12,4485000000,4485000000,https://www.sec.gov/Archives/edgar/data/34088/000003408813000019/0000034088-13-000019-index.htm,https://www.sec.gov/Archives/edgar/data/34088/000003408813000019/xom10q1q2013.htm
2012-12-31,XOM,2013-02-27,2013-02-27 16:05:06,FY,482295000000,0.0,482295000000,1.0,1840000000,13877000000,0.0,38521000000,54238000000,403569000000,327000000,15888000000,94614000000,0.196174540478,78726000000,0.163232046776,1775000000,78726000000,0.163232046776,31045000000,44880000000,0.0930550803969,9.7,9.7,4628000000,4628000000,https://www.sec.gov/Archives/edgar/data/34088/000003408813000011/0000034088-13-000011-index.htm,https://www.sec.gov/Archives/edgar/data/34088/000003408813000011/xom10k2012.htm
2012-11-06,XOM,2012-11-06,2012-11-06 12:14:21,Q3,115706000000,0.0,115706000000,1.0,-894000000,3468000000,0.0,-19637000000,3468000000,3468000000,-157000000,-7741000000,9579000000,0.204628981449,17320000000,0.173839373787,766000000,17320000000,0.173839373787,-16253000000,17320000000,0.100868679798,-5.41,-5.41,8078743068,8078743068,https://www.sec.gov/Archives/edgar/data/34088/000003408812000050/0000034088-12-000050-index.htm,https://www.sec.gov/Archives/edgar/data/34088/000003408812000050/xom10q3q12.htm
2012-06-30,XOM,2012-08-02,2012-08-02 13:10:52,Q2,127363000000,0.0,127363000000,1.0,372000000,3486000000,0.0,9787000000,13645000000,101172000000,50000000,3899000000,30090000000,0.236253857086,26191000000,0.205640570652,10967000000,26191000000,0.205640570652,8537000000,15910000000,0.124918539921,3.41,3.41,4686000000,4687000000,https://www.sec.gov/Archives/edgar/data/34088/000003408812000036/0000034088-12-000036-index.htm,https://www.sec.gov/Archives/edgar/data/34088/000003408812000036/xom10q2q12.htm
2012-03-31,XOM,2012-05-03,2012-05-03 14:56:03,Q1,124053000000,0.0,124053000000,1.0,522000000,3601000000,0.0,9850000000,13973000000,106538000000,107000000,3842000000,21357000000,0.172160286329,17515000000,0.14118965281,654000000,17515000000,0.14118965281,7716000000,9450000000,0.0761771178448,2.0,2.0,4715000000,4716000000,https://www.sec.gov/Archives/edgar/data/34088/000119312512208076/0001193125-12-208076-index.htm,https://www.sec.gov/Archives/edgar/data/34088/000119312512208076/d328062d10q.htm
2011-12-31,XOM,2012-02-24,2012-02-24 16:08:32,FY,121609000000,0.0,121609000000,1.0,427000000,3911000000,0.0,10227000000,14565000000,104568000000,75000000,4075000000,21116000000,0.173638464258,17041000000,0.14012943121,1873000000,17041000000,0.14012943121,7317000000,9400000000,0.0772969105905,1.97,1.97,4870000000,4875000000,https://www.sec.gov/Archives/edgar/data/34088/000119312512078102/0001193125-12-078102-index.htm,https://www.sec.gov/Archives/edgar/data/34088/000119312512078102/d257530d10k.htm
2011-09-30,XOM,2011-11-03,2011-11-03 11:41:58,Q3,125330000000,0.0,125330000000,1.0,728000000,3764000000,0.0,10199000000,14691000000,106650000000,98000000,3866000000,22546000000,0.179893082263,18680000000,0.149046517195,940000000,18680000000,0.149046517195,8009000000,10330000000,0.0824224048512,2.13,2.13,4902000000,4908000000,https://www.sec.gov/Archives/edgar/data/34088/000119312511294424/0001193125-11-294424-index.htm,https://www.sec.gov/Archives/edgar/data/34088/000119312511294424/d232655d10q.htm
2011-06-30,XOM,2011-08-04,2011-08-04 12:19:05,Q2,125486000000,0.0,125486000000,1.0,592000000,3681000000,0.0,10322000000,14595000000,106867000000,45000000,3881000000,30767000000,0.245182729548,26886000000,0.214254976651,372000000,25400000000,0.202413018185,7721000000,10680000000,0.0851090958354,2.19,2.18,4934000000,4941000000,https://www.sec.gov/Archives/edgar/data/34088/000119312511209772/0001193125-11-209772-index.htm,https://www.sec.gov/Archives/edgar/data/34088/000119312511209772/d10q.htm
2011-03-31,XOM,2011-05-05,2011-05-05 12:53:46,Q1,114004000000,0.0,114004000000,1.0,334000000,3627000000,0.0,9520000000,13481000000,95087000000,29000000,3761000000,14411000000,0.126407845339,10650000000,0.0934177748149,926000000,12136000000,0.106452405179,8004000000,10650000000,0.0934177748149,2.14,2.14,4963000000,4971000000,https://www.sec.gov/Archives/edgar/data/34088/000119312511127973/0001193125-11-127973-index.htm,https://www.sec.gov/Archives/edgar/data/34088/000119312511127973/d10q.htm
2010-12-31,XOM,2011-02-25,2011-02-25 16:07:35,FY,105186000000,0.0,105186000000,1.0,551000000,3855000000,0.0,9999000000,14405000000,89859000000,110000000,4270000000,9250000000,0.0879394596239,9250000000,0.0879394596239,691000000,15327000000,0.14571330785465747,5811000000,9250000000,0.0879394596239,1.86,1.85,4885000000,4897000000,https://www.sec.gov/Archives/edgar/data/34088/000119312511047394/0001193125-11-047394-index.htm,https://www.sec.gov/Archives/edgar/data/34088/000119312511047394/d10k.htm
2010-09-30,XOM,2010-11-03,2010-11-03 15:42:58,Q3,95298000000,0.0,95298000000,1.0,500000000,3707000000,0.0,8982000000,13189000000,82440000000,54000000,3844000000,7350000000,0.0771264874394,7350000000,0.0771264874394,502000000,10246000000,0.10751537283,5297000000,7350000000,0.0771264874394,1.44,1.44,4838000000,4851000000,https://www.sec.gov/Archives/edgar/data/34088/000119312510246050/0001193125-10-246050-index.htm,https://www.sec.gov/Archives/edgar/data/34088/000119312510246050/d10q.htm
2010-06-30,XOM,2010-08-04,2010-08-04 15:04:53,Q2,92486000000,0.0,92486000000,1.0,407000000,3607000000,0.0,8376000000,12390000000,79780000000,40000000,-3280000000,4280000000,0.0462772743983,7560000000,0.0817421015073,549000000,1274000000,0.0137750578466,4960000000,7560000000,0.0817421015073,1.61,1.6,4720000000,4733000000,https://www.sec.gov/Archives/edgar/data/34088/000119312510177038/0001193125-10-177038-index.htm,https://www.sec.gov/Archives/edgar/data/34088/000119312510177038/d10q.htm
2010-03-31,XOM,2010-05-06,2010-05-06 13:53:44,Q1,90251000000,0.0,90251000000,1.0,686000000,3514000000,0.0,8435000000,12635000000,78183000000,55000000,3280000000,9580000000,0.106148408328,6300000000,0.0698053207167,677000000,11793000000,0.13371596990615062,5493000000,6300000000,0.0698053207167,1.33,1.33,0.0,0.0,https://www.sec.gov/Archives/edgar/data/34088/000119312510110539/0001193125-10-110539-index.htm,https://www.sec.gov/Archives/edgar/data/34088/000119312510110539/d10q.htm
2009-12-31,XOM,2010-02-26,2010-02-26 16:17:17,FY,89841000000,0.0,89841000000,1.0,0.0,3881000000,0.0,0.0,3881000000,3881000000,-36000000,3193000000,13399000000,0.149141260671631,10206000000,0.11360069456039003,311000000,10206000000,0.11360069456039003,0.0,10206000000,0.11360069456039003,3.99,3.99,8716040100,8716040100,https://www.sec.gov/Archives/edgar/data/34088/000119312510042929/0001193125-10-042929-index.htm,https://www.sec.gov/Archives/edgar/data/34088/000119312510042929/d10k.htm
2009-09-30,XOM,2009-11-05,2009-11-05 14:18:41,Q3,82260000000,0.0,82260000000,1.0,0.0,3887000000,0.0,0.0,3887000000,3887000000,-62000000,2927000000,12131000000,0.1474714320447362,9204000000,0.11188913202042305,495000000,9204000000,0.11188913202042305,0.0,9204000000,0.11188913202042305,2.72,2.72,9033455882,9033455882,https://www.sec.gov/Archives/edgar/data/34088/000119312509225285/0001193125-09-225285-index.htm,https://www.sec.gov/Archives/edgar/data/34088/000119312509225285/d10q.htm
2009-06-30,XOM,2009-08-05,2009-08-05 14:45:57,Q2,74457000000,0.0,74457000000,1.0,0.0,3519000000,0.0,0.0,3519000000,3519000000,-343000000,3004000000,10521000000,0.1413030339659132,7517000000,0.10095759968841075,707000000,7517000000,0.10095759968841075,0.0,7517000000,0.10095759968841075,1.74,1.74,8831609195,8831609195,https://www.sec.gov/Archives/edgar/data/34088/000119312509165196/0001193125-09-165196-index.htm,https://www.sec.gov/Archives/edgar/data/34088/000119312509165196/d10q.htm
2009-03-31,XOM,2009-05-05,2009-05-05 11:44:38,Q1,64028000000,0.0,64028000000,1.0,0.0,3448000000,0.0,0.0,3448000000,3448000000,-107000000,2793000000,10643000000,0.16622415193352907,7850000000,0.12260261135753107,430000000,7850000000,0.12260261135753107,0.0,7850000000,0.12260261135753107,0.92,0.92,8532608695,8532608695,https://www.sec.gov/Archives/edgar/data/34088/000003408809000039/0000034088-09-000039-index.htm,https://www.sec.gov/Archives/edgar/data/34088/000003408809000039/r10q050509.htm
2008-12-31,XOM,2009-02-27,2009-02-27 16:16:54,FY,84696000000,0.0,84696000000,1.0,0.0,15873000000,0.0,0.0,15873000000,15873000000,-118000000,3177000000,16372000000,0.1933031075847738,13195000000,0.1557924813450458,1736000000,13195000000,0.1557924813450458,0.0,7820000000,0.09233021630301314,8.78,8.78,5150341685,5150341685,https://www.sec.gov/Archives/edgar/data/34088/000119312509040966/0001193125-09-040966-index.htm,https://www.sec.gov/Archives/edgar/data/34088/000119312509040966/d10k.htm
2008-09-30,XOM,2008-11-04,2008-11-04 15:45:50,Q3,137737000000,0.0,137737000000,1.0,0.0,-8191000000,0.0,0.0,-8191000000,-8191000000,-318000000,3008000000,29165000000,0.21174412104227622,26157000000,0.18990539942063497,2828000000,26157000000,0.18990539942063497,0.0,14830000000,0.10766896331414216,7.19,7.19,5201668984,5201668984,https://www.sec.gov/Archives/edgar/data/34088/000003408808000127/0000034088-08-000127-index.htm,https://www.sec.gov/Archives/edgar/data/34088/000003408808000127/r10q110408.htm
2008-06-30,XOM,2008-08-05,2008-08-05 15:28:07,Q2,138072000000,0.0,138072000000,1.0,0.0,4389000000,0.0,0.0,4389000000,4389000000,-107000000,3090000000,34598000000,0.25057940784518223,31508000000,0.22819977982501882,1313000000,31508000000,0.22819977982501882,0.0,11680000000,0.08459354539660467,4.3,4.3,5248837209,5248837209,https://www.sec.gov/Archives/edgar/data/34088/000003408808000104/0000034088-08-000104-index.htm,https://www.sec.gov/Archives/edgar/data/34088/000003408808000104/r10q080508.htm
2008-03-31,XOM,2008-05-06,2008-05-06 14:33:28,Q1,116854000000,0.0,116854000000,1.0,0.0,3802000000,0.0,0.0,3802000000,3802000000,-130000000,3104000000,13994000000,0.11975627706368631,10890000000,0.09319321546545262,822000000,10890000000,0.09319321546545262,0.0,10890000000,0.09319321546545262,2.05,2.05,5312195121,5312195121,https://www.sec.gov/Archives/edgar/data/34088/000003408808000057/0000034088-08-000057-index.htm,https://www.sec.gov/Archives/edgar/data/34088/000003408808000057/r10q050608.htm
2007-12-31,XOM,2008-02-28,2008-02-28 16:17:53,FY,116642000000,0.0,116642000000,1.0,0.0,4054000000,0.0,0.0,4054000000,4054000000,-128000000,3155000000,22877000000,0.19613003892251504,19722000000,0.1690814629378783,1864000000,19722000000,0.1690814629378783,0.0,11660000000,0.09996399238696181,7.36,7.36,5517663043,5517663043,https://www.sec.gov/Archives/edgar/data/34088/000119312508041781/0001193125-08-041781-index.htm,https://www.sec.gov/Archives/edgar/data/34088/000119312508041781/d10k.htm
2007-09-30,XOM,2007-11-07,2007-11-07 11:01:09,Q3,102337000000,0.0,102337000000,1.0,0.0,3656000000,0.0,0.0,3656000000,3656000000,-73000000,3159000000,19919000000,0.1946412343531665,16760000000,0.1637726335538466,1049000000,16760000000,0.1637726335538466,0.0,9410000000,0.09195110272921816,5.21,5.21,5556621880,5556621880,https://www.sec.gov/Archives/edgar/data/34088/000003408807000152/0000034088-07-000152-index.htm,https://www.sec.gov/Archives/edgar/data/34088/000003408807000152/r10q110707.htm
2007-06-30,XOM,2007-08-07,2007-08-07 11:01:56,Q2,98350000000,0.0,98350000000,1.0,0.0,3788000000,0.0,0.0,3788000000,3788000000,-96000000,2994000000,20922000000,0.2127300457549568,17928000000,0.18228774783934926,1276000000,17928000000,0.18228774783934926,0.0,10260000000,0.10432130147432639,3.49,3.49,5598853868,5598853868,https://www.sec.gov/Archives/edgar/data/34088/000003408807000114/0000034088-07-000114-index.htm,https://www.sec.gov/Archives/edgar/data/34088/000003408807000114/r10q080707.htm
2007-03-31,XOM,2007-05-08,2007-05-08 12:05:00,Q1,87223000000,0.0,87223000000,1.0,0.0,3392000000,0.0,0.0,3392000000,3392000000,-103000000,2942000000,19006000000,0.21790124164497895,16064000000,0.18417160611306652,1134000000,16064000000,0.18417160611306652,0.0,9280000000,0.10639395572268782,1.64,1.64,5658536585,5658536585,https://www.sec.gov/Archives/edgar/data/34088/000003408807000070/0000034088-07-000070-index.htm,https://www.sec.gov/Archives/edgar/data/34088/000003408807000070/r10q050807.htm
2006-12-31,XOM,2007-02-28,2007-02-28 14:53:51,FY,90028000000,0.0,90028000000,1.0,0.0,3838000000,0.0,0.0,3838000000,3838000000,-101000000,3282000000,18843000000,0.2093015506286933,15561000000,0.1728462256186964,1450000000,15561000000,0.1728462256186964,0.0,10250000000,0.11385346781001467,6.68,6.68,5913173652,5913173652,https://www.sec.gov/Archives/edgar/data/34088/000119312507042435/0001193125-07-042435-index.htm,https://www.sec.gov/Archives/edgar/data/34088/000119312507042435/d10k.htm
2006-09-30,XOM,2006-11-08,2006-11-08 15:53:53,Q3,99593000000,0.0,99593000000,1.0,0.0,3412000000,0.0,0.0,3412000000,3412000000,-281000000,2730000000,20908000000,0.20993443314289156,18178000000,0.18252286807305734,1547000000,18178000000,0.18252286807305734,0.0,10490000000,0.10532868775917986,4.91,4.91,5957230142,5957230142,https://www.sec.gov/Archives/edgar/data/34088/000003408806000157/0000034088-06-000157-index.htm,https://www.sec.gov/Archives/edgar/data/34088/000003408806000157/r10q110806.htm
2006-06-30,XOM,2006-08-04,2006-08-04 10:53:43,Q2,99034000000,0.0,99034000000,1.0,0.0,3557000000,0.0,0.0,3557000000,3557000000,-107000000,2760000000,20964000000,0.21168487590120566,18204000000,0.18381565926853405,1323000000,18204000000,0.18381565926853405,0.0,10360000000,0.10461053779510067,3.12,3.12,6012820512,6012820512,https://www.sec.gov/Archives/edgar/data/34088/000003408806000116/0000034088-06-000116-index.htm,https://www.sec.gov/Archives/edgar/data/34088/000003408806000116/r10q080406.htm
2006-03-31,XOM,2006-05-04,2006-05-04 11:11:52,Q1,88980000000,0.0,88980000000,1.0,0.0,3466000000,0.0,0.0,3466000000,3466000000,-165000000,2644000000,18103000000,0.2034502135311306,15459000000,0.17373567093728928,863000000,15459000000,0.17373567093728928,0.0,8400000000,0.09440323668240054,1.38,1.38,6086956521,6086956521,https://www.sec.gov/Archives/edgar/data/34088/000003408806000075/0000034088-06-000075-index.htm,https://www.sec.gov/Archives/edgar/data/34088/000003408806000075/r10q050406.htm
2005-12-31,XOM,2006-02-28,2006-02-28 12:45:59,FY,269963000000,0.0,269963000000,1.0,0.0,10637000000,0.0,0.0,10637000000,10637000000,-423000000,2671000000,22749000000,0.08426710326970734,20078000000,0.07437315483973729,3236000000,43380000000,0.16068868696821417,0.0,26210000000,0.0970873786407767,5.76,5.76,6272569444,6272569444,https://www.sec.gov/Archives/edgar/data/34088/000119312506040951/0001193125-06-040951-index.htm,https://www.sec.gov/Archives/edgar/data/34088/000119312506040951/d10k.htm
2005-09-30,XOM,2005-11-04,2005-11-04 10:14:08,Q3,12149000000,0.0,12149000000,1.0,0.0,257000000,0.0,0.0,257000000,257000000,171000000,2513000000,5806000000,0.47789941558976046,3293000000,0.2710511153181332,281000000,3293000000,0.2710511153181332,0.0,2280000000,0.1876697670590172,1.6,1.6,6200000000,6200000000,https://www.sec.gov/Archives/edgar/data/34088/000003408805000158/0000034088-05-000158-index.htm,https://www.sec.gov/Archives/edgar/data/34088/000003408805000158/r10q110405.htm
2005-06-30,XOM,2005-08-04,2005-08-04 10:22:32,Q2,6517000000,0.0,6517000000,1.0,0.0,57000000,0.0,0.0,57000000,57000000,-188000000,2516000000,2372000000,0.36397115237072275,-144000000,-0.02209605646769986,-395000000,-144000000,-0.02209605646769986,0.0,-220000000,-0.033757864047874786,1.21,1.21,6314049586,6314049586,https://www.sec.gov/Archives/edgar/data/34088/000003408805000119/0000034088-05-000119-index.htm,https://www.sec.gov/Archives/edgar/data/34088/000003408805000119/r10q080405.htm
2005-03-31,XOM,2005-05-05,2005-05-05 10:33:15,Q1,82051000000,0.0,82051000000,1.0,0.0,3451000000,0.0,0.0,3451000000,3451000000,-56000000,2553000000,15456000000,0.18837064752410088,12903000000,0.1572558530669949,1020000000,12903000000,0.1572558530669949,0.0,7860000000,0.09579407929214756,1.23,1.23,6390243902,6390243902,https://www.sec.gov/Archives/edgar/data/34088/000003408805000084/0000034088-05-000084-index.htm,https://www.sec.gov/Archives/edgar/data/34088/000003408805000084/r10q050505.htm
2004-12-31,XOM,2005-02-28,2005-02-28 11:31:22,FY,221660000000,0.0,221660000000,1.0,0.0,10477000000,0.0,0.0,10477000000,10477000000,-179000000,2613000000,18409000000,0.08305061806370116,15796000000,0.07126229360281512,1520000000,31707000000,0.1430433998014978,0.0,19650000000,0.08864928268519354,3.91,3.91,6478260869,6478260869,https://www.sec.gov/Archives/edgar/data/34088/000119312505038144/0001193125-05-038144-index.htm,https://www.sec.gov/Archives/edgar/data/34088/000119312505038144/d10k.htm
2004-09-30,XOM,2004-11-08,2004-11-08 10:52:46,Q3,61962000000,0.0,61962000000,1.0,0.0,2885000000,0.0,0.0,2885000000,2885000000,-287000000,2431000000,5733000000,0.09252445046964268,3302000000,0.05329072657435202,212000000,3302000000,0.05329072657435202,0.0,-110000000,-0.001775281624221297,0.88,0.88,6454545454,6454545454,https://www.sec.gov/Archives/edgar/data/34088/000003408804000250/0000034088-04-000250-index.htm,https://www.sec.gov/Archives/edgar/data/34088/000003408804000250/r10q110804.htm
2004-06-30,XOM,2004-08-06,2004-08-06 10:15:19,Q2,14413000000,0.0,14413000000,1.0,0.0,487000000,0.0,0.0,487000000,487000000,-172000000,2350000000,8582000000,0.5954346770276834,6232000000,0.4323874280163741,90000000,6232000000,0.4323874280163741,0.0,5790000000,0.40172066884063,0.0,0.0,6554216867,6554216867,https://www.sec.gov/Archives/edgar/data/34088/000003408804000163/0000034088-04-000163-index.htm,https://www.sec.gov/Archives/edgar/data/34088/000003408804000163/r10q080604.htm
2004-03-31,XOM,2004-05-07,2004-05-07 11:36:50,Q1,67602000000,0.0,67602000000,1.0,0.0,3242000000,0.0,0.0,3242000000,3242000000,-48000000,2373000000,11335000000,0.16767255406644774,8962000000,0.13257004230644065,286000000,8962000000,0.13257004230644065,0.0,5440000000,0.08047099198248572,0.83,0.83,6554216867,6554216867,https://www.sec.gov/Archives/edgar/data/34088/000003408804000092/0000034088-04-000092-index.htm,https://www.sec.gov/Archives/edgar/data/34088/000003408804000092/r10q050704.htm
2003-12-31,XOM,2004-03-15,2004-03-15 12:53:35,FY,186897000000,0.0,186897000000,1.0,0.0,10150000000,0.0,-2074000000,8076000000,8076000000,-166000000,2493000000,19803000000,0.1059567569302878,17310000000,0.09261785903465546,5311000000,26004000000,0.13913545963819643,0.0,17860000000,0.09556065640432966,3.16,3.16,6806962025,6806962025,https://www.sec.gov/Archives/edgar/data/34088/000119312504041877/0001193125-04-041877-index.htm,https://www.sec.gov/Archives/edgar/data/34088/000119312504041877/d10k.htm
2003-09-30,XOM,2003-11-13,2003-11-13 16:57:10,Q3,59841000000,0.0,59841000000,1.0,0.0,3246000000,0.0,2074000000,5320000000,5320000000,-41000000,-1756000000,1894000000,0.03165054059925469,3650000000,0.06099497000384352,0.0,5962000000,0.09963068798983975,0.0,3650000000,0.06099497000384352,0.55,0.55,6636363636,6636363636,https://www.sec.gov/Archives/edgar/data/34088/000003408803000141/0000034088-03-000141-index.htm,https://www.sec.gov/Archives/edgar/data/34088/000003408803000141/f10q3q2003masterv61.htm
